<!DOCTYPE html>
<meta charset="utf-8" />
<!-- version 1 -->
<title>[Gen 9] National Dex replay: Synthetic Aperture vs. ayushhh</title>
<style>
html,body {font-family:Verdana, sans-serif;font-size:10pt;margin:0;padding:0;}body{padding:12px 0;} .battle-log {font-family:Verdana, sans-serif;font-size:10pt;} .battle-log-inline {border:1px solid #AAAAAA;background:#EEF2F5;color:black;max-width:640px;margin:0 auto 80px;padding-bottom:5px;} .battle-log .inner {padding:4px 8px 0px 8px;} .battle-log .inner-preempt {padding:0 8px 4px 8px;} .battle-log .inner-after {margin-top:0.5em;} .battle-log h2 {margin:0.5em -8px;padding:4px 8px;border:1px solid #AAAAAA;background:#E0E7EA;border-left:0;border-right:0;font-family:Verdana, sans-serif;font-size:13pt;} .battle-log .chat {vertical-align:middle;padding:3px 0 3px 0;font-size:8pt;} .battle-log .chat strong {color:#40576A;} .battle-log .chat em {padding:1px 4px 1px 3px;color:#000000;font-style:normal;} .chat.mine {background:rgba(0,0,0,0.05);margin-left:-8px;margin-right:-8px;padding-left:8px;padding-right:8px;} .spoiler {color:#BBBBBB;background:#BBBBBB;padding:0px 3px;} .spoiler:hover, .spoiler:active, .spoiler-shown {color:#000000;background:#E2E2E2;padding:0px 3px;} .spoiler a {color:#BBBBBB;} .spoiler:hover a, .spoiler:active a, .spoiler-shown a {color:#2288CC;} .chat code, .chat .spoiler:hover code, .chat .spoiler:active code, .chat .spoiler-shown code {border:1px solid #C0C0C0;background:#EEEEEE;color:black;padding:0 2px;} .chat .spoiler code {border:1px solid #CCCCCC;background:#CCCCCC;color:#CCCCCC;} .battle-log .rated {padding:3px 4px;} .battle-log .rated strong {color:white;background:#89A;padding:1px 4px;border-radius:4px;} .spacer {margin-top:0.5em;} .message-announce {background:#6688AA;color:white;padding:1px 4px 2px;} .message-announce a, .broadcast-green a, .broadcast-blue a, .broadcast-red a {color:#DDEEFF;} .broadcast-green {background-color:#559955;color:white;padding:2px 4px;} .broadcast-blue {background-color:#6688AA;color:white;padding:2px 4px;} .infobox {border:1px solid #6688AA;padding:2px 4px;} .infobox-limited {max-height:200px;overflow:auto;overflow-x:hidden;} .broadcast-red {background-color:#AA5544;color:white;padding:2px 4px;} .message-learn-canlearn {font-weight:bold;color:#228822;text-decoration:underline;} .message-learn-cannotlearn {font-weight:bold;color:#CC2222;text-decoration:underline;} .message-effect-weak {font-weight:bold;color:#CC2222;} .message-effect-resist {font-weight:bold;color:#6688AA;} .message-effect-immune {font-weight:bold;color:#666666;} .message-learn-list {margin-top:0;margin-bottom:0;} .message-throttle-notice, .message-error {color:#992222;} .message-overflow, .chat small.message-overflow {font-size:0pt;} .message-overflow::before {font-size:9pt;content:'...';} .subtle {color:#3A4A66;}
</style>
<div class="wrapper replay-wrapper" style="max-width:1180px;margin:0 auto">
<input type="hidden" name="replayid" value="gen9nationaldex-2503783725-rkmk0we96yt5ng1ld2yi1f2rsl2xe23pw" />
<div class="battle"></div><div class="battle-log"></div><div class="replay-controls"></div><div class="replay-controls-2"></div>
<h1 style="font-weight:normal;text-align:center"><strong>[Gen 9] National Dex</strong><br /><a href="http://pokemonshowdown.com/users/syntheticaperture" class="subtle" target="_blank">Synthetic Aperture</a> vs. <a href="http://pokemonshowdown.com/users/ayushhh" class="subtle" target="_blank">ayushhh</a></h1>
<script type="text/plain" class="battle-log-data">|j|☆Synthetic Aperture

|j|☆ayushhh
|t:|1766315275
|gametype|singles
|player|p1|Synthetic Aperture|gentleman-gen4|1649
|player|p2|ayushhh|hilbert|1590
|gen|9
|tier|[Gen 9] National Dex
|rated|
|rule|HP Percentage Mod: HP is shown in percentages
|rule|Endless Battle Clause: Forcing endless battles is banned
|rule|Species Clause: Limit one of each Pokémon
|rule|OHKO Clause: OHKO moves are banned
|rule|Evasion Clause: Evasion abilities, items, and moves are banned
|rule|Evasion Abilities Clause: Evasion abilities are banned
|rule|Evasion Items Clause: Evasion items are banned
|rule|Evasion Moves Clause: Evasion moves are banned
|rule|Sleep Clause Mod: Limit one foe put to sleep
|rule|Terastal Clause: You cannot Terastallize
|clearpoke
|poke|p1|Landorus-Therian, M|
|poke|p1|Alomomola, M|
|poke|p1|Kyurem|
|poke|p1|Slowking-Galar, M|
|poke|p1|Kingambit, F|
|poke|p1|Zapdos|
|poke|p2|Ogerpon-Wellspring, F|
|poke|p2|Diancie|
|poke|p2|Landorus-Therian, M|
|poke|p2|Heatran, F|
|poke|p2|Hatterene, F|
|poke|p2|Zamazenta-*|
|teampreview
|inactive|Battle timer is ON: inactive players will automatically lose when time's up. (requested by Synthetic Aperture)
|inactive|Time left: 150 sec this turn | 150 sec total | 60 sec grace
|
|t:|1766315301
|teamsize|p1|6
|teamsize|p2|6
|start
|switch|p1a: Landorus|Landorus-Therian, M|321\/321
|switch|p2a: Zamazenta|Zamazenta|100\/100
|-ability|p1a: Landorus|Intimidate|boost
|-unboost|p2a: Zamazenta|atk|1
|-ability|p2a: Zamazenta|Dauntless Shield|boost
|-boost|p2a: Zamazenta|def|1
|turn|1
|inactive|Time left: 150 sec this turn | 150 sec total
|
|t:|1766315310
|move|p1a: Landorus|U-turn|p2a: Zamazenta
|-resisted|p2a: Zamazenta
|-damage|p2a: Zamazenta|93\/100
|inactive|Time left: 150 sec this turn | 150 sec total
|
|t:|1766315312
|switch|p1a: Alomomola|Alomomola, M|473\/473|[from] U-turn
|move|p2a: Zamazenta|Ice Fang|p1a: Alomomola
|-resisted|p1a: Alomomola
|-damage|p1a: Alomomola|442\/473
|
|upkeep
|turn|2
|inactive|Time left: 150 sec this turn | 150 sec total
|
|t:|1766315318
|switch|p2a: Ogerpon|Ogerpon-Wellspring, F|100\/100
|move|p1a: Alomomola|Flip Turn|p2a: Ogerpon
|-immune|p2a: Ogerpon|[from] ability: Water Absorb
|
|upkeep
|turn|3
|inactive|Time left: 150 sec this turn | 150 sec total
|
|t:|1766315323
|move|p2a: Ogerpon|Knock Off|p1a: Alomomola
|-damage|p1a: Alomomola|333\/473
|-enditem|p1a: Alomomola|Heavy-Duty Boots|[from] move: Knock Off|[of] p2a: Ogerpon
|move|p1a: Alomomola|Toxic|p2a: Ogerpon
|-status|p2a: Ogerpon|tox
|
|-damage|p2a: Ogerpon|95\/100 tox|[from] psn
|upkeep
|turn|4
|inactive|Time left: 150 sec this turn | 150 sec total
|
|t:|1766315332
|switch|p1a: Kyurem|Kyurem|405\/405
|-ability|p1a: Kyurem|Pressure
|move|p2a: Ogerpon|Swords Dance|p2a: Ogerpon
|-boost|p2a: Ogerpon|atk|2
|
|-damage|p2a: Ogerpon|83\/100 tox|[from] psn
|upkeep
|turn|5
|inactive|Time left: 150 sec this turn | 150 sec total
|
|t:|1766315342
|move|p2a: Ogerpon|Knock Off|p1a: Kyurem
|-damage|p1a: Kyurem|136\/405
|-enditem|p1a: Kyurem|Heavy-Duty Boots|[from] move: Knock Off|[of] p2a: Ogerpon
|move|p1a: Kyurem|Freeze-Dry|p2a: Ogerpon
|-supereffective|p2a: Ogerpon
|-damage|p2a: Ogerpon|0 fnt
|faint|p2a: Ogerpon
|
|upkeep
|
|t:|1766315350
|switch|p2a: Diancie|Diancie|100\/100
|turn|6
|inactive|Time left: 150 sec this turn | 150 sec total
|
|t:|1766315354
|detailschange|p2a: Diancie|Diancie-Mega
|-mega|p2a: Diancie|Diancie|Diancite
|move|p2a: Diancie|Earth Power|p1a: Kyurem
|-damage|p1a: Kyurem|8\/405
|move|p1a: Kyurem|Earth Power|p2a: Diancie
|-supereffective|p2a: Diancie
|-damage|p2a: Diancie|26\/100
|
|upkeep
|turn|7
|inactive|Time left: 150 sec this turn | 150 sec total
|
|t:|1766315364
|switch|p1a: Slowking|Slowking-Galar, M|393\/393
|move|p2a: Diancie|Earth Power|p1a: Slowking
|-supereffective|p1a: Slowking
|-damage|p1a: Slowking|209\/393
|
|upkeep
|turn|8
|inactive|Time left: 150 sec this turn | 150 sec total
|
|t:|1766315377
|switch|p2a: Landorus|Landorus-Therian, M|100\/100
|-ability|p2a: Landorus|Intimidate|boost
|-unboost|p1a: Slowking|atk|1
|switch|p1a: Landorus|Landorus-Therian, M|321\/321
|-ability|p1a: Landorus|Intimidate|boost
|-unboost|p2a: Landorus|atk|1
|
|upkeep
|turn|9
|inactive|Time left: 150 sec this turn | 150 sec total
|
|t:|1766315382
|move|p1a: Landorus|U-turn|p2a: Landorus
|-resisted|p2a: Landorus
|-damage|p2a: Landorus|89\/100
|-damage|p1a: Landorus|268\/321|[from] item: Rocky Helmet|[of] p2a: Landorus
|inactive|Time left: 150 sec this turn | 150 sec total
|
|t:|1766315387
|switch|p1a: Kyurem|Kyurem|8\/405|[from] U-turn
|-ability|p1a: Kyurem|Pressure
|move|p2a: Landorus|Stealth Rock|p1a: Kyurem
|-sidestart|p1: Synthetic Aperture|move: Stealth Rock
|
|upkeep
|turn|10
|inactive|Time left: 150 sec this turn | 150 sec total
|
|t:|1766315397
|switch|p2a: Zamazenta|Zamazenta|93\/100
|move|p1a: Kyurem|Freeze-Dry|p2a: Zamazenta
|-damage|p2a: Zamazenta|60\/100
|
|upkeep
|turn|11
|inactive|Time left: 150 sec this turn | 150 sec total
|
|t:|1766315402
|switch|p1a: Alomomola|Alomomola, M|473\/473
|-damage|p1a: Alomomola|414\/473|[from] Stealth Rock
|move|p2a: Zamazenta|Close Combat|p1a: Alomomola
|-damage|p1a: Alomomola|147\/473
|-unboost|p2a: Zamazenta|def|1
|-unboost|p2a: Zamazenta|spd|1
|
|upkeep
|turn|12
|inactive|Time left: 150 sec this turn | 150 sec total
|
|t:|1766315415
|switch|p2a: Diancie|Diancie-Mega|26\/100
|switch|p1a: Zapdos|Zapdos|383\/383
|
|upkeep
|turn|13
|inactive|Time left: 150 sec this turn | 150 sec total
|
|t:|1766315418
|move|p2a: Diancie|Power Gem|p1a: Zapdos
|-supereffective|p1a: Zapdos
|-damage|p1a: Zapdos|33\/383
|move|p1a: Zapdos|Volt Switch|p2a: Diancie
|-damage|p2a: Diancie|0 fnt
|faint|p2a: Diancie
|detailschange|p2: Diancie|Diancie|[silent]
|inactive|Time left: 150 sec this turn | 150 sec total | 5 sec grace
|
|t:|1766315425
|switch|p1a: Landorus|Landorus-Therian, M|268\/321|[from] Volt Switch
|-damage|p1a: Landorus|228\/321|[from] Stealth Rock
|
|upkeep
|
|t:|1766315430
|switch|p2a: Landorus|Landorus-Therian, M|89\/100
|-ability|p2a: Landorus|Intimidate|boost
|-unboost|p1a: Landorus|atk|1
|turn|14
|inactive|Time left: 150 sec this turn | 150 sec total
|
|t:|1766315433
|move|p1a: Landorus|Stealth Rock|p2a: Landorus
|-sidestart|p2: ayushhh|move: Stealth Rock
|move|p2a: Landorus|U-turn|p1a: Landorus
|-resisted|p1a: Landorus
|-damage|p1a: Landorus|183\/321
|
|t:|1766315437
|switch|p2a: Hatterene|Hatterene, F|100\/100|[from] U-turn
|-damage|p2a: Hatterene|88\/100|[from] Stealth Rock
|
|-heal|p2a: Hatterene|94\/100|[from] item: Leftovers
|upkeep
|turn|15
|inactive|Time left: 150 sec this turn | 150 sec total
|
|t:|1766315441
|switch|p1a: Slowking|Slowking-Galar, M|340\/393
|move|p2a: Hatterene|Calm Mind|p2a: Hatterene
|-boost|p2a: Hatterene|spa|1
|-boost|p2a: Hatterene|spd|1
|
|-heal|p2a: Hatterene|99\/100|[from] item: Leftovers
|upkeep
|turn|16
|inactive|Time left: 150 sec this turn | 150 sec total
|
|t:|1766315446
|switch|p2a: Heatran|Heatran, F|100\/100
|-damage|p2a: Heatran|88\/100|[from] Stealth Rock
|-item|p2a: Heatran|Air Balloon
|move|p1a: Slowking|Sludge Bomb|p2a: Heatran
|-immune|p2a: Heatran
|
|upkeep
|turn|17
|inactive|Time left: 150 sec this turn | 150 sec total
|
|t:|1766315449
|move|p2a: Heatran|Magma Storm|p1a: Slowking|[miss]
|-miss|p2a: Heatran|p1a: Slowking
|-prepare|p1a: Slowking|Chilly Reception|[premajor]
|move|p1a: Slowking|Chilly Reception|p1a: Slowking
|-weather|Snowscape
|inactive|Time left: 150 sec this turn | 150 sec total | 5 sec grace
|
|t:|1766315470
|switch|p1a: Alomomola|Alomomola, M|304\/473|[from] Chilly Reception
|-damage|p1a: Alomomola|245\/473|[from] Stealth Rock
|
|-weather|Snowscape|[upkeep]
|upkeep
|turn|18
|inactive|Time left: 145 sec this turn | 145 sec total
|
|t:|1766315480
|switch|p2a: Hatterene|Hatterene, F|99\/100
|-damage|p2a: Hatterene|88\/100|[from] Stealth Rock
|move|p1a: Alomomola|Flip Turn|p2a: Hatterene
|-damage|p2a: Hatterene|75\/100
|inactive|Time left: 150 sec this turn | 150 sec total
|
|t:|1766315487
|switch|p1a: Kingambit|Kingambit, F|341\/341|[from] Flip Turn
|-damage|p1a: Kingambit|320\/341|[from] Stealth Rock
|
|-weather|Snowscape|[upkeep]
|-heal|p2a: Hatterene|81\/100|[from] item: Leftovers
|upkeep
|turn|19
|inactive|Time left: 150 sec this turn | 150 sec total
|
|t:|1766315491
|switch|p2a: Landorus|Landorus-Therian, M|89\/100
|-damage|p2a: Landorus|76\/100|[from] Stealth Rock
|-ability|p2a: Landorus|Intimidate|boost
|-unboost|p1a: Kingambit|atk|1
|move|p1a: Kingambit|Iron Head|p2a: Landorus
|-damage|p2a: Landorus|45\/100
|-damage|p1a: Kingambit|264\/341|[from] item: Rocky Helmet|[of] p2a: Landorus
|
|-weather|Snowscape|[upkeep]
|upkeep
|turn|20
|inactive|Time left: 150 sec this turn | 150 sec total
|
|t:|1766315508
|-end|p1a: Kingambit|fallenundefined|[silent]
|switch|p1a: Landorus|Landorus-Therian, M|183\/321
|-damage|p1a: Landorus|143\/321|[from] Stealth Rock
|-ability|p1a: Landorus|Intimidate|boost
|-unboost|p2a: Landorus|atk|1
|move|p2a: Landorus|U-turn|p1a: Landorus
|-resisted|p1a: Landorus
|-damage|p1a: Landorus|117\/321
|
|t:|1766315515
|switch|p2a: Hatterene|Hatterene, F|81\/100|[from] U-turn
|-damage|p2a: Hatterene|68\/100|[from] Stealth Rock
|
|-weather|Snowscape|[upkeep]
|-heal|p2a: Hatterene|74\/100|[from] item: Leftovers
|upkeep
|turn|21
|inactive|Time left: 150 sec this turn | 150 sec total
|
|t:|1766315525
|move|p1a: Landorus|Earthquake|p2a: Hatterene
|-damage|p2a: Hatterene|32\/100
|move|p2a: Hatterene|Draining Kiss|p1a: Landorus
|-damage|p1a: Landorus|26\/321
|-heal|p2a: Hatterene|53\/100|[from] drain|[of] p1a: Landorus
|
|-weather|none
|-heal|p2a: Hatterene|59\/100|[from] item: Leftovers
|upkeep
|turn|22
|inactive|Time left: 150 sec this turn | 150 sec total
|
|t:|1766315529
|switch|p2a: Landorus|Landorus-Therian, M|45\/100
|-damage|p2a: Landorus|32\/100|[from] Stealth Rock
|-ability|p2a: Landorus|Intimidate|boost
|-unboost|p1a: Landorus|atk|1
|move|p1a: Landorus|Earthquake|p2a: Landorus
|-immune|p2a: Landorus
|
|upkeep
|turn|23
|inactive|Time left: 150 sec this turn | 150 sec total
|
|t:|1766315536
|switch|p1a: Alomomola|Alomomola, M|402\/473
|-damage|p1a: Alomomola|343\/473|[from] Stealth Rock
|move|p2a: Landorus|U-turn|p1a: Alomomola
|-damage|p1a: Alomomola|283\/473
|
|t:|1766315538
|switch|p2a: Zamazenta|Zamazenta|60\/100|[from] U-turn
|-damage|p2a: Zamazenta|54\/100|[from] Stealth Rock
|
|upkeep
|turn|24
|inactive|Time left: 150 sec this turn | 150 sec total
|
|t:|1766315544
|move|p1a: Alomomola|Protect|p1a: Alomomola
|-singleturn|p1a: Alomomola|Protect
|move|p2a: Zamazenta|Close Combat|p1a: Alomomola
|-activate|p1a: Alomomola|move: Protect
|
|upkeep
|turn|25
|inactive|Time left: 150 sec this turn | 150 sec total
|
|t:|1766315548
|switch|p2a: Heatran|Heatran, F|88\/100
|-damage|p2a: Heatran|76\/100|[from] Stealth Rock
|-item|p2a: Heatran|Air Balloon
|switch|p1a: Slowking|Slowking-Galar, M|393\/393
|
|upkeep
|turn|26
|inactive|Time left: 150 sec this turn | 150 sec total
|
|t:|1766315554
|move|p2a: Heatran|Taunt|p1a: Slowking
|-start|p1a: Slowking|move: Taunt
|move|p1a: Slowking|Future Sight|p2a: Heatran
|-start|p1a: Slowking|move: Future Sight
|
|upkeep
|turn|27
|inactive|Time left: 150 sec this turn | 150 sec total
|
|t:|1766315558
|switch|p1a: Alomomola|Alomomola, M|440\/473
|-damage|p1a: Alomomola|381\/473|[from] Stealth Rock
|move|p2a: Heatran|Magma Storm|p1a: Alomomola
|-resisted|p1a: Alomomola
|-crit|p1a: Alomomola
|-damage|p1a: Alomomola|240\/473
|-activate|p1a: Alomomola|move: Magma Storm|[of] p2a: Heatran
|
|-damage|p1a: Alomomola|181\/473|[from] move: Magma Storm|[partiallytrapped]
|upkeep
|turn|28
|inactive|Time left: 150 sec this turn | 150 sec total
|
|t:|1766315564
|move|p2a: Heatran|Protect|p2a: Heatran
|-singleturn|p2a: Heatran|Protect
|move|p1a: Alomomola|Flip Turn|p2a: Heatran
|-activate|p2a: Heatran|move: Protect
|
|-end|p2a: Heatran|move: Future Sight
|-resisted|p2a: Heatran
|-damage|p2a: Heatran|61\/100
|-enditem|p2a: Heatran|Air Balloon
|-damage|p1a: Alomomola|122\/473|[from] move: Magma Storm|[partiallytrapped]
|upkeep
|turn|29
|inactive|Time left: 150 sec this turn | 150 sec total
|
|t:|1766315576
|move|p2a: Heatran|Protect||[still]
|-fail|p2a: Heatran
|move|p1a: Alomomola|Flip Turn|p2a: Heatran
|-supereffective|p2a: Heatran
|-damage|p2a: Heatran|33\/100
|inactive|Time left: 150 sec this turn | 150 sec total
|inactive|Synthetic Aperture has 120 seconds left.
|
|t:|1766315607
|switch|p1a: Zapdos|Zapdos|33\/383|[from] Flip Turn
|
|upkeep
|turn|30
|inactive|Time left: 130 sec this turn | 130 sec total
|
|t:|1766315613
|move|p1a: Zapdos|Defog|p2a: Heatran
|-unboost|p2a: Heatran|evasion|1
|-sideend|p2: ayushhh|Stealth Rock|[from] move: Defog|[of] p1a: Zapdos
|-sideend|p1: Synthetic Aperture|Stealth Rock|[from] move: Defog|[of] p1a: Zapdos
|move|p2a: Heatran|Magma Storm|p1a: Zapdos
|-damage|p1a: Zapdos|0 fnt
|faint|p1a: Zapdos
|
|upkeep
|inactive|Time left: 135 sec this turn | 135 sec total
|
|t:|1766315618
|switch|p1a: Kyurem|Kyurem|8\/405
|-ability|p1a: Kyurem|Pressure
|turn|31
|inactive|Time left: 140 sec this turn | 140 sec total
|
|t:|1766315622
|switch|p2a: Landorus|Landorus-Therian, M|32\/100
|-ability|p2a: Landorus|Intimidate|boost
|-unboost|p1a: Kyurem|atk|1
|move|p1a: Kyurem|Earth Power|p2a: Landorus
|-immune|p2a: Landorus
|
|upkeep
|turn|32
|inactive|Time left: 150 sec this turn | 150 sec total
|
|t:|1766315628
|switch|p2a: Zamazenta|Zamazenta|54\/100
|move|p1a: Kyurem|Freeze-Dry|p2a: Zamazenta
|-damage|p2a: Zamazenta|24\/100
|
|upkeep
|turn|33
|inactive|Time left: 150 sec this turn | 150 sec total
|
|t:|1766315639
|switch|p1a: Slowking|Slowking-Galar, M|393\/393
|move|p2a: Zamazenta|Crunch|p1a: Slowking
|-supereffective|p1a: Slowking
|-damage|p1a: Slowking|85\/393
|-unboost|p1a: Slowking|def|1
|
|upkeep
|turn|34
|inactive|Time left: 150 sec this turn | 150 sec total
|
|t:|1766315645
|switch|p2a: Landorus|Landorus-Therian, M|32\/100
|-ability|p2a: Landorus|Intimidate|boost
|-unboost|p1a: Slowking|atk|1
|switch|p1a: Kingambit|Kingambit, F|264\/341
|-activate|p1a: Kingambit|ability: Supreme Overlord
|-start|p1a: Kingambit|fallen1|[silent]
|
|upkeep
|turn|35
|inactive|Time left: 150 sec this turn | 150 sec total
|
|t:|1766315649
|move|p2a: Landorus|Stealth Rock|p1a: Kingambit
|-sidestart|p1: Synthetic Aperture|move: Stealth Rock
|move|p1a: Kingambit|Knock Off|p2a: Landorus
|-damage|p2a: Landorus|0 fnt
|-damage|p1a: Kingambit|208\/341|[from] item: Rocky Helmet|[of] p2a: Landorus
|-enditem|p2a: Landorus|Rocky Helmet|[from] move: Knock Off|[of] p1a: Kingambit
|faint|p2a: Landorus
|
|upkeep
|
|t:|1766315656
|switch|p2a: Zamazenta|Zamazenta|24\/100
|turn|36
|inactive|Time left: 150 sec this turn | 150 sec total
|
|t:|1766315665
|-end|p1a: Kingambit|fallen1|[silent]
|switch|p1a: Kyurem|Kyurem|8\/405
|-damage|p1a: Kyurem|0 fnt|[from] Stealth Rock
|faint|p1a: Kyurem
|move|p2a: Zamazenta|Close Combat|p1: Kyurem|[notarget]
|-fail|p2a: Zamazenta
|
|upkeep
|inactive|Time left: 150 sec this turn | 150 sec total
|
|t:|1766315669
|switch|p1a: Slowking|Slowking-Galar, M|216\/393
|turn|37
|inactive|Time left: 150 sec this turn | 150 sec total
|
|t:|1766315673
|switch|p2a: Heatran|Heatran, F|33\/100
|-prepare|p1a: Slowking|Chilly Reception|[premajor]
|move|p1a: Slowking|Chilly Reception|p1a: Slowking
|-weather|Snowscape
|inactive|Time left: 150 sec this turn | 150 sec total | 5 sec grace
|
|t:|1766315676
|switch|p1a: Alomomola|Alomomola, M|279\/473|[from] Chilly Reception
|-damage|p1a: Alomomola|220\/473|[from] Stealth Rock
|
|-weather|Snowscape|[upkeep]
|upkeep
|turn|38
|inactive|Time left: 150 sec this turn | 150 sec total
|
|t:|1766315684
|switch|p2a: Zamazenta|Zamazenta|24\/100
|move|p1a: Alomomola|Flip Turn|p2a: Zamazenta
|-damage|p2a: Zamazenta|9\/100
|inactive|Time left: 150 sec this turn | 150 sec total | 5 sec grace
|
|t:|1766315694
|switch|p1a: Kingambit|Kingambit, F|208\/341|[from] Flip Turn
|-damage|p1a: Kingambit|187\/341|[from] Stealth Rock
|-activate|p1a: Kingambit|ability: Supreme Overlord
|-start|p1a: Kingambit|fallen2|[silent]
|
|-weather|Snowscape|[upkeep]
|upkeep
|turn|39
|inactive|Time left: 150 sec this turn | 150 sec total
|
|t:|1766315698
|switch|p2a: Heatran|Heatran, F|33\/100
|move|p1a: Kingambit|Sucker Punch||[still]
|-fail|p1a: Kingambit
|
|-weather|Snowscape|[upkeep]
|upkeep
|turn|40
|inactive|Time left: 150 sec this turn | 150 sec total
|
|t:|1766315702
|move|p2a: Heatran|Protect|p2a: Heatran
|-singleturn|p2a: Heatran|Protect
|move|p1a: Kingambit|Sucker Punch||[still]
|-fail|p1a: Kingambit
|
|-weather|Snowscape|[upkeep]
|upkeep
|turn|41
|inactive|Time left: 150 sec this turn | 150 sec total
|
|t:|1766315708
|move|p2a: Heatran|Protect||[still]
|-fail|p2a: Heatran
|move|p1a: Kingambit|Sucker Punch||[still]
|-fail|p1a: Kingambit
|
|-weather|none
|upkeep
|turn|42
|inactive|Time left: 150 sec this turn | 150 sec total
|
|t:|1766315715
|move|p2a: Heatran|Magma Storm|p1a: Kingambit
|-supereffective|p1a: Kingambit
|-damage|p1a: Kingambit|0 fnt
|faint|p1a: Kingambit
|-end|p1a: Kingambit|fallen2|[silent]
|
|upkeep
|inactive|Time left: 150 sec this turn | 150 sec total | 5 sec grace
|
|t:|1766315721
|switch|p1a: Alomomola|Alomomola, M|377\/473
|-damage|p1a: Alomomola|318\/473|[from] Stealth Rock
|turn|43
|inactive|Time left: 150 sec this turn | 150 sec total
|
|t:|1766315727
|switch|p2a: Hatterene|Hatterene, F|59\/100
|move|p1a: Alomomola|Flip Turn|p2a: Hatterene
|-damage|p2a: Hatterene|45\/100
|inactive|Time left: 150 sec this turn | 150 sec total
|
|t:|1766315730
|switch|p1a: Slowking|Slowking-Galar, M|347\/393|[from] Flip Turn
|
|-heal|p2a: Hatterene|51\/100|[from] item: Leftovers
|upkeep
|turn|44
|inactive|Time left: 150 sec this turn | 150 sec total
|
|t:|1766315733
|move|p2a: Hatterene|Calm Mind|p2a: Hatterene
|-boost|p2a: Hatterene|spa|1
|-boost|p2a: Hatterene|spd|1
|-prepare|p1a: Slowking|Chilly Reception|[premajor]
|move|p1a: Slowking|Chilly Reception|p1a: Slowking
|-weather|Snowscape
|inactive|Time left: 150 sec this turn | 150 sec total | 5 sec grace
|
|t:|1766315737
|switch|p1a: Alomomola|Alomomola, M|473\/473|[from] Chilly Reception
|-damage|p1a: Alomomola|414\/473|[from] Stealth Rock
|
|-weather|Snowscape|[upkeep]
|-heal|p2a: Hatterene|57\/100|[from] item: Leftovers
|upkeep
|turn|45
|inactive|Time left: 150 sec this turn | 150 sec total
|
|t:|1766315741
|move|p1a: Alomomola|Flip Turn|p2a: Hatterene
|-damage|p2a: Hatterene|43\/100
|inactive|Time left: 150 sec this turn | 150 sec total | 5 sec grace
|
|t:|1766315744
|switch|p1a: Slowking|Slowking-Galar, M|393\/393|[from] Flip Turn
|move|p2a: Hatterene|Draining Kiss|p1a: Slowking
|-resisted|p1a: Slowking
|-damage|p1a: Slowking|356\/393
|-heal|p2a: Hatterene|52\/100|[from] drain|[of] p1a: Slowking
|
|-weather|Snowscape|[upkeep]
|-heal|p2a: Hatterene|58\/100|[from] item: Leftovers
|upkeep
|turn|46
|inactive|Time left: 150 sec this turn | 150 sec total
|
|t:|1766315748
|switch|p2a: Heatran|Heatran, F|33\/100
|move|p1a: Slowking|Sludge Bomb|p2a: Heatran
|-immune|p2a: Heatran
|
|-weather|Snowscape|[upkeep]
|upkeep
|turn|47
|inactive|Time left: 150 sec this turn | 150 sec total
|
|t:|1766315752
|switch|p1a: Alomomola|Alomomola, M|473\/473
|-damage|p1a: Alomomola|414\/473|[from] Stealth Rock
|move|p2a: Heatran|Magma Storm|p1a: Alomomola
|-resisted|p1a: Alomomola
|-damage|p1a: Alomomola|321\/473
|-activate|p1a: Alomomola|move: Magma Storm|[of] p2a: Heatran
|
|-weather|Snowscape|[upkeep]
|-damage|p1a: Alomomola|262\/473|[from] move: Magma Storm|[partiallytrapped]
|upkeep
|turn|48
|inactive|Time left: 150 sec this turn | 150 sec total
|
|t:|1766315755
|move|p2a: Heatran|Protect|p2a: Heatran
|-singleturn|p2a: Heatran|Protect
|move|p1a: Alomomola|Wish|p1a: Alomomola
|
|-weather|none
|-damage|p1a: Alomomola|203\/473|[from] move: Magma Storm|[partiallytrapped]
|upkeep
|turn|49
|inactive|Time left: 150 sec this turn | 150 sec total
|
|t:|1766315760
|switch|p2a: Hatterene|Hatterene, F|58\/100
|move|p1a: Alomomola|Flip Turn|p2a: Hatterene
|-damage|p2a: Hatterene|45\/100
|inactive|Time left: 150 sec this turn | 150 sec total
|
|t:|1766315763
|switch|p1a: Slowking|Slowking-Galar, M|393\/393|[from] Flip Turn
|
|-heal|p2a: Hatterene|50\/100|[from] item: Leftovers
|upkeep
|turn|50
|inactive|Time left: 150 sec this turn | 150 sec total
|
|t:|1766315766
|move|p2a: Hatterene|Psychic Noise|p1a: Slowking
|-damage|p1a: Slowking|312\/393
|-start|p1a: Slowking|move: Heal Block
|move|p1a: Slowking|Future Sight|p2a: Hatterene
|-start|p1a: Slowking|move: Future Sight
|
|-heal|p2a: Hatterene|56\/100|[from] item: Leftovers
|upkeep
|turn|51
|inactive|Time left: 150 sec this turn | 150 sec total
|
|t:|1766315776
|switch|p2a: Heatran|Heatran, F|33\/100
|move|p1a: Slowking|Sludge Bomb|p2a: Heatran
|-immune|p2a: Heatran
|
|-end|p1a: Slowking|move: Heal Block
|upkeep
|turn|52
|inactive|Time left: 150 sec this turn | 150 sec total
|
|t:|1766315789
|switch|p1a: Landorus|Landorus-Therian, M|26\/321
|-damage|p1a: Landorus|0 fnt|[from] Stealth Rock
|faint|p1a: Landorus
|move|p2a: Heatran|Magma Storm|p1: Landorus|[notarget]
|-fail|p2a: Heatran
|
|-end|p2a: Heatran|move: Future Sight
|-resisted|p2a: Heatran
|-damage|p2a: Heatran|19\/100
|upkeep
|inactive|Time left: 145 sec this turn | 145 sec total
|
|t:|1766315791
|switch|p1a: Alomomola|Alomomola, M|360\/473
|-damage|p1a: Alomomola|301\/473|[from] Stealth Rock
|turn|53
|inactive|Time left: 150 sec this turn | 150 sec total
|
|t:|1766315797
|switch|p2a: Hatterene|Hatterene, F|56\/100
|move|p1a: Alomomola|Flip Turn|p2a: Hatterene
|-damage|p2a: Hatterene|43\/100
|inactive|Time left: 150 sec this turn | 150 sec total | 5 sec grace
|
|t:|1766315799
|switch|p1a: Slowking|Slowking-Galar, M|393\/393|[from] Flip Turn
|
|-heal|p2a: Hatterene|49\/100|[from] item: Leftovers
|upkeep
|turn|54
|inactive|Time left: 150 sec this turn | 150 sec total
|
|t:|1766315802
|switch|p2a: Zamazenta|Zamazenta|9\/100
|move|p1a: Slowking|Future Sight|p2a: Zamazenta
|-start|p1a: Slowking|move: Future Sight
|
|upkeep
|turn|55
|inactive|Time left: 150 sec this turn | 150 sec total
|
|t:|1766315806
|move|p2a: Zamazenta|Crunch|p1a: Slowking
|-supereffective|p1a: Slowking
|-damage|p1a: Slowking|63\/393
|-prepare|p1a: Slowking|Chilly Reception|[premajor]
|move|p1a: Slowking|Chilly Reception|p1a: Slowking
|-weather|Snowscape
|inactive|Time left: 150 sec this turn | 150 sec total | 5 sec grace
|
|t:|1766315809
|switch|p1a: Alomomola|Alomomola, M|458\/473|[from] Chilly Reception
|-damage|p1a: Alomomola|399\/473|[from] Stealth Rock
|
|-weather|Snowscape|[upkeep]
|upkeep
|turn|56
|inactive|Time left: 150 sec this turn | 150 sec total
|
|t:|1766315820
|switch|p2a: Hatterene|Hatterene, F|49\/100
|move|p1a: Alomomola|Wish|p1a: Alomomola
|
|-weather|Snowscape|[upkeep]
|-end|p2a: Hatterene|move: Future Sight
|-resisted|p2a: Hatterene
|-damage|p2a: Hatterene|26\/100
|-heal|p2a: Hatterene|32\/100|[from] item: Leftovers
|upkeep
|turn|57
|inactive|Time left: 150 sec this turn | 150 sec total
|
|t:|1766315825
|move|p1a: Alomomola|Flip Turn|p2a: Hatterene
|-damage|p2a: Hatterene|18\/100
|inactive|Time left: 150 sec this turn | 150 sec total | 5 sec grace
|
|t:|1766315828
|switch|p1a: Slowking|Slowking-Galar, M|194\/393|[from] Flip Turn
|move|p2a: Hatterene|Psychic Noise|p1a: Slowking
|-damage|p1a: Slowking|121\/393
|-start|p1a: Slowking|move: Heal Block
|
|-weather|Snowscape|[upkeep]
|-heal|p2a: Hatterene|24\/100|[from] item: Leftovers
|upkeep
|turn|58
|inactive|Time left: 150 sec this turn | 150 sec total
|
|t:|1766315833
|move|p2a: Hatterene|Psychic Noise|p1a: Slowking
|-damage|p1a: Slowking|42\/393
|-prepare|p1a: Slowking|Chilly Reception|[premajor]
|move|p1a: Slowking|Chilly Reception|p1a: Slowking
|inactive|Time left: 150 sec this turn | 150 sec total | 5 sec grace
|
|t:|1766315836
|switch|p1a: Alomomola|Alomomola, M|473\/473|[from] Chilly Reception
|-damage|p1a: Alomomola|414\/473|[from] Stealth Rock
|
|-weather|Snowscape|[upkeep]
|-heal|p2a: Hatterene|30\/100|[from] item: Leftovers
|upkeep
|turn|59
|inactive|Time left: 150 sec this turn | 150 sec total
|
|t:|1766315842
|move|p1a: Alomomola|Flip Turn|p2a: Hatterene
|-damage|p2a: Hatterene|16\/100
|inactive|Time left: 150 sec this turn | 150 sec total | 5 sec grace
|
|t:|1766315844
|switch|p1a: Slowking|Slowking-Galar, M|173\/393|[from] Flip Turn
|move|p2a: Hatterene|Psychic Noise|p1a: Slowking
|-damage|p1a: Slowking|98\/393
|-start|p1a: Slowking|move: Heal Block
|
|-weather|none
|-heal|p2a: Hatterene|22\/100|[from] item: Leftovers
|upkeep
|turn|60
|inactive|Time left: 150 sec this turn | 150 sec total
|
|t:|1766315851
|move|p2a: Hatterene|Psychic Noise|p1a: Slowking
|-damage|p1a: Slowking|16\/393
|-prepare|p1a: Slowking|Chilly Reception|[premajor]
|move|p1a: Slowking|Chilly Reception|p1a: Slowking
|-weather|Snowscape
|inactive|Time left: 150 sec this turn | 150 sec total | 5 sec grace
|
|t:|1766315854
|switch|p1a: Alomomola|Alomomola, M|473\/473|[from] Chilly Reception
|-damage|p1a: Alomomola|414\/473|[from] Stealth Rock
|
|-weather|Snowscape|[upkeep]
|-heal|p2a: Hatterene|28\/100|[from] item: Leftovers
|upkeep
|turn|61
|inactive|Time left: 150 sec this turn | 150 sec total
|
|t:|1766315867
|move|p1a: Alomomola|Wish|p1a: Alomomola
|move|p2a: Hatterene|Calm Mind|p2a: Hatterene
|-boost|p2a: Hatterene|spa|1
|-boost|p2a: Hatterene|spd|1
|
|-weather|Snowscape|[upkeep]
|-heal|p2a: Hatterene|34\/100|[from] item: Leftovers
|upkeep
|turn|62
|inactive|Time left: 150 sec this turn | 150 sec total
|
|t:|1766315870
|move|p1a: Alomomola|Flip Turn|p2a: Hatterene
|-damage|p2a: Hatterene|22\/100
|inactive|Time left: 150 sec this turn | 150 sec total | 5 sec grace
|
|t:|1766315873
|switch|p1a: Slowking|Slowking-Galar, M|147\/393|[from] Flip Turn
|move|p2a: Hatterene|Psychic Noise|p1a: Slowking
|-damage|p1a: Slowking|24\/393
|-start|p1a: Slowking|move: Heal Block
|
|-weather|Snowscape|[upkeep]
|-heal|p2a: Hatterene|28\/100|[from] item: Leftovers
|upkeep
|turn|63
|inactive|Time left: 150 sec this turn | 150 sec total
|
|t:|1766315876
|move|p2a: Hatterene|Draining Kiss|p1a: Slowking
|-resisted|p1a: Slowking
|-damage|p1a: Slowking|0 fnt
|-heal|p2a: Hatterene|33\/100|[from] drain|[of] p1a: Slowking
|faint|p1a: Slowking
|
|-weather|Snowscape|[upkeep]
|-heal|p2a: Hatterene|39\/100|[from] item: Leftovers
|upkeep
|inactive|Time left: 150 sec this turn | 150 sec total | 5 sec grace
|c|☆Synthetic Aperture|damn how did i fuck this up
|c|☆Synthetic Aperture|gg
|c|☆ayushhh|Gg
Opponent no longer ignored.
|c|☆ayushhh|It was very tough
|-message|Synthetic Aperture forfeited.
|
|win|ayushhh
|raw|Synthetic Aperture's rating: 1649 &rarr; <strong>1626<\/strong><br \/>(-23 for losing)
|raw|ayushhh's rating: 1590 &rarr; <strong>1613<\/strong><br \/>(+23 for winning)</script>
</div>
<div class="battle-log battle-log-inline"><div class="inner"><div class="battle-options"><div style="padding-top: 3px; padding-right: 3px; text-align: right"><button class="icon button" name="openBattleOptions" title="Options">Battle Options</button></div></div><div class="inner message-log"><div class="chat"><small>☆Synthetic Aperture and ☆ayushhh joined</small></div><div class=""><small>Format:</small> <br><strong>[Gen 9] National Dex</strong></div><div class="rated"><strong>Rated battle</strong></div><div class=""><small><em>HP Percentage Mod:</em> HP is shown in percentages</small></div><div class=""><small><em>Endless Battle Clause:</em> Forcing endless battles is banned</small></div><div class=""><small><em>Species Clause:</em> Limit one of each Pokémon</small></div><div class=""><small><em>OHKO Clause:</em> OHKO moves are banned</small></div><div class=""><small><em>Evasion Clause:</em> Evasion abilities, items, and moves are banned</small></div><div class=""><small><em>Evasion Abilities Clause:</em> Evasion abilities are banned</small></div><div class=""><small><em>Evasion Items Clause:</em> Evasion items are banned</small></div><div class=""><small><em>Evasion Moves Clause:</em> Evasion moves are banned</small></div><div class=""><small><em>Sleep Clause Mod:</em> Limit one foe put to sleep</small></div><div class=""><small><em>Terastal Clause:</em> You cannot Terastallize</small></div><div class="chat battle-history"><strong>Synthetic Aperture's team:</strong> <em style="color:#445566;display:block;">Landorus-Therian / Alomomola / Kyurem / Slowking-Galar / Kingambit / Zapdos</em></div><div class="chat battle-history"><strong>ayushhh's team:</strong> <em style="color:#445566;display:block;">Ogerpon-Wellspring / Diancie / Landorus-Therian / Heatran / Hatterene / Zamazenta-*</em></div><div class="chat message-error">Battle timer is ON: inactive players will automatically lose when time's up. (requested by Synthetic Aperture)</div><div class="spacer battle-history"><br></div><div class="battle-history">Battle started between Synthetic Aperture and ayushhh!<br></div><div class="spacer battle-history"><br></div><div class="battle-history">Go! <strong>Landorus-Therian</strong>!<br></div><div class="spacer battle-history"><br></div><div class="battle-history">ayushhh sent out <strong>Zamazenta</strong>!<br></div><div class="battle-history">[Landorus-Therian's Intimidate]<br></div><div class="battle-history"><small>The opposing Zamazenta's Attack fell!</small><br></div><div class="battle-history">[The opposing Zamazenta's Dauntless Shield]<br></div><div class="battle-history"><small>The opposing Zamazenta's Defense rose!</small><br></div><div class="spacer battle-history"><br></div><h2 class="battle-history">Turn 1</h2><div class="spacer battle-history"><br></div><div class="battle-history">Landorus-Therian used <strong>U-turn</strong>!<br></div><div class="battle-history"><small>It's not very effective...</small><br></div><div class="battle-history"><small>(The opposing Zamazenta lost 7% of its health!)</small><br></div><div class="spacer battle-history"><br></div><div class="battle-history">Landorus went back to Synthetic Aperture!<br></div><div class="battle-history">Go! <strong>Alomomola</strong>!<br></div><div class="spacer battle-history"><br></div><div class="battle-history">The opposing Zamazenta used <strong>Ice Fang</strong>!<br></div><div class="battle-history"><small>It's not very effective...</small><br></div><div class="battle-history"><small>(Alomomola lost <abbr title="−31/473">6.6%</abbr> of its health!)</small><br></div><div class="spacer battle-history"><br></div><h2 class="battle-history">Turn 2</h2><div class="spacer battle-history"><br></div><div class="battle-history">ayushhh withdrew Zamazenta!<br></div><div class="battle-history">ayushhh sent out <strong>Ogerpon-Wellspring</strong>!<br></div><div class="spacer battle-history"><br></div><div class="battle-history">Alomomola used <strong>Flip Turn</strong>!<br></div><div class="battle-history">[The opposing Ogerpon-Wellspring's Water Absorb]<br><small>It doesn't affect the opposing Ogerpon-Wellspring...</small><br></div><div class="spacer battle-history"><br></div><h2 class="battle-history">Turn 3</h2><div class="spacer battle-history"><br></div><div class="battle-history">The opposing Ogerpon-Wellspring used <strong>Knock Off</strong>!<br></div><div class="battle-history"><small>(Alomomola lost <abbr title="−109/473">23.0%</abbr> of its health!)</small><br></div><div class="battle-history"><small>The opposing Ogerpon-Wellspring knocked off Alomomola's Heavy-Duty Boots!</small><br></div><div class="spacer battle-history"><br></div><div class="battle-history">Alomomola used <strong>Toxic</strong>!<br></div><div class="battle-history"><small>The opposing Ogerpon-Wellspring was badly poisoned!</small><br></div><div class="spacer battle-history"><br></div><div class="battle-history"><small>The opposing Ogerpon-Wellspring was hurt by poison!</small><br></div><div class="spacer battle-history"><br></div><h2 class="battle-history">Turn 4</h2><div class="spacer battle-history"><br></div><div class="battle-history">Alomomola, come back!<br></div><div class="battle-history">Go! <strong>Kyurem</strong>!<br></div><div class="battle-history">[Kyurem's Pressure]<br><small>Kyurem is exerting its pressure!</small><br></div><div class="spacer battle-history"><br></div><div class="battle-history">The opposing Ogerpon-Wellspring used <strong>Swords Dance</strong>!<br></div><div class="battle-history"><small>The opposing Ogerpon-Wellspring's Attack rose sharply!</small><br></div><div class="spacer battle-history"><br></div><div class="battle-history"><small>The opposing Ogerpon-Wellspring was hurt by poison!</small><br></div><div class="spacer battle-history"><br></div><h2 class="battle-history">Turn 5</h2><div class="spacer battle-history"><br></div><div class="battle-history">The opposing Ogerpon-Wellspring used <strong>Knock Off</strong>!<br></div><div class="battle-history"><small>(Kyurem lost <abbr title="−269/405">66.4%</abbr> of its health!)</small><br></div><div class="battle-history"><small>The opposing Ogerpon-Wellspring knocked off Kyurem's Heavy-Duty Boots!</small><br></div><div class="spacer battle-history"><br></div><div class="battle-history">Kyurem used <strong>Freeze-Dry</strong>!<br></div><div class="battle-history"><small>It's super effective!</small><br></div><div class="battle-history"><small>(The opposing Ogerpon-Wellspring lost 83% of its health!)</small><br></div><div class="spacer battle-history"><br></div><div class="battle-history">The opposing Ogerpon-Wellspring fainted!<br></div><div class="spacer battle-history"><br></div><div class="battle-history">ayushhh sent out <strong>Diancie</strong>!<br></div><div class="spacer battle-history"><br></div><h2 class="battle-history">Turn 6</h2><div class="spacer battle-history"><br></div><div class="battle-history"><small>The opposing Diancie-Mega's Diancite is reacting to the Key Stone!</small><br>The opposing Diancie-Mega has Mega Evolved into Mega Diancie!<br></div><div class="spacer battle-history"><br></div><div class="battle-history">The opposing Diancie-Mega used <strong>Earth Power</strong>!<br></div><div class="battle-history"><small>(Kyurem lost <abbr title="−128/405">31.6%</abbr> of its health!)</small><br></div><div class="spacer battle-history"><br></div><div class="battle-history">Kyurem used <strong>Earth Power</strong>!<br></div><div class="battle-history"><small>It's super effective!</small><br></div><div class="battle-history"><small>(The opposing Diancie-Mega lost 74% of its health!)</small><br></div><div class="spacer battle-history"><br></div><h2 class="battle-history">Turn 7</h2><div class="spacer battle-history"><br></div><div class="battle-history">Kyurem, come back!<br></div><div class="battle-history">Go! <strong>Slowking-Galar</strong>!<br></div><div class="spacer battle-history"><br></div><div class="battle-history">The opposing Diancie-Mega used <strong>Earth Power</strong>!<br></div><div class="battle-history"><small>It's super effective!</small><br></div><div class="battle-history"><small>(Slowking-Galar lost <abbr title="−184/393">46.8%</abbr> of its health!)</small><br></div><div class="spacer battle-history"><br></div><h2 class="battle-history">Turn 8</h2><div class="spacer battle-history"><br></div><div class="battle-history">ayushhh withdrew Diancie!<br></div><div class="battle-history">ayushhh sent out <strong>Landorus-Therian</strong>!<br></div><div class="battle-history">[The opposing Landorus-Therian's Intimidate]<br></div><div class="battle-history"><small>Slowking-Galar's Attack fell!</small><br></div><div class="spacer battle-history"><br></div><div class="battle-history">Slowking, come back!<br></div><div class="battle-history">Go! <strong>Landorus-Therian</strong>!<br></div><div class="battle-history">[Landorus-Therian's Intimidate]<br></div><div class="battle-history"><small>The opposing Landorus-Therian's Attack fell!</small><br></div><div class="spacer battle-history"><br></div><h2 class="battle-history">Turn 9</h2><div class="spacer battle-history"><br></div><div class="battle-history">Landorus-Therian used <strong>U-turn</strong>!<br></div><div class="battle-history"><small>It's not very effective...</small><br></div><div class="battle-history"><small>(The opposing Landorus-Therian lost 11% of its health!)</small><br></div><div class="battle-history"><small>Landorus-Therian was hurt by the Rocky Helmet!</small><br></div><div class="spacer battle-history"><br></div><div class="battle-history">Landorus went back to Synthetic Aperture!<br></div><div class="battle-history">Go! <strong>Kyurem</strong>!<br></div><div class="battle-history">[Kyurem's Pressure]<br><small>Kyurem is exerting its pressure!</small><br></div><div class="spacer battle-history"><br></div><div class="battle-history">The opposing Landorus-Therian used <strong>Stealth Rock</strong>!<br></div><div class="battle-history"><small>Pointed stones float in the air around your team!</small><br></div><div class="spacer battle-history"><br></div><h2 class="battle-history">Turn 10</h2><div class="spacer battle-history"><br></div><div class="battle-history">ayushhh withdrew Landorus!<br></div><div class="battle-history">ayushhh sent out <strong>Zamazenta</strong>!<br></div><div class="spacer battle-history"><br></div><div class="battle-history">Kyurem used <strong>Freeze-Dry</strong>!<br></div><div class="battle-history"><small>(The opposing Zamazenta lost 33% of its health!)</small><br></div><div class="spacer battle-history"><br></div><h2 class="battle-history">Turn 11</h2><div class="spacer battle-history"><br></div><div class="battle-history">Kyurem, come back!<br></div><div class="battle-history">Go! <strong>Alomomola</strong>!<br></div><div class="battle-history"><small>Pointed stones dug into Alomomola!</small><br></div><div class="spacer battle-history"><br></div><div class="battle-history">The opposing Zamazenta used <strong>Close Combat</strong>!<br></div><div class="battle-history"><small>(Alomomola lost <abbr title="−267/473">56.4%</abbr> of its health!)</small><br></div><div class="battle-history"><small>The opposing Zamazenta's Defense fell!</small><br></div><div class="battle-history"><small>The opposing Zamazenta's Sp. Def fell!</small><br></div><div class="spacer battle-history"><br></div><h2 class="battle-history">Turn 12</h2><div class="spacer battle-history"><br></div><div class="battle-history">ayushhh withdrew Zamazenta!<br></div><div class="battle-history">ayushhh sent out <strong>Diancie-Mega</strong>!<br></div><div class="spacer battle-history"><br></div><div class="battle-history">Alomomola, come back!<br></div><div class="battle-history">Go! <strong>Zapdos</strong>!<br></div><div class="spacer battle-history"><br></div><h2 class="battle-history">Turn 13</h2><div class="spacer battle-history"><br></div><div class="battle-history">The opposing Diancie-Mega used <strong>Power Gem</strong>!<br></div><div class="battle-history"><small>It's super effective!</small><br></div><div class="battle-history"><small>(Zapdos lost <abbr title="−350/383">91.4%</abbr> of its health!)</small><br></div><div class="spacer battle-history"><br></div><div class="battle-history">Zapdos used <strong>Volt Switch</strong>!<br></div><div class="battle-history"><small>(The opposing Diancie-Mega lost 26% of its health!)</small><br></div><div class="spacer battle-history"><br></div><div class="battle-history">The opposing Diancie-Mega fainted!<br></div><div class="spacer battle-history"><br></div><div class="battle-history">Zapdos went back to Synthetic Aperture!<br></div><div class="battle-history">Go! <strong>Landorus-Therian</strong>!<br></div><div class="battle-history"><small>Pointed stones dug into Landorus-Therian!</small><br></div><div class="spacer battle-history"><br></div><div class="battle-history">ayushhh sent out <strong>Landorus-Therian</strong>!<br></div><div class="battle-history">[The opposing Landorus-Therian's Intimidate]<br></div><div class="battle-history"><small>Landorus-Therian's Attack fell!</small><br></div><div class="spacer battle-history"><br></div><h2 class="battle-history">Turn 14</h2><div class="spacer battle-history"><br></div><div class="battle-history">Landorus-Therian used <strong>Stealth Rock</strong>!<br></div><div class="battle-history"><small>Pointed stones float in the air around the opposing team!</small><br></div><div class="spacer battle-history"><br></div><div class="battle-history">The opposing Landorus-Therian used <strong>U-turn</strong>!<br></div><div class="battle-history"><small>It's not very effective...</small><br></div><div class="battle-history"><small>(Landorus-Therian lost <abbr title="−45/321">14.0%</abbr> of its health!)</small><br></div><div class="spacer battle-history"><br></div><div class="battle-history">The opposing Landorus went back to ayushhh!<br></div><div class="battle-history">ayushhh sent out <strong>Hatterene</strong>!<br></div><div class="battle-history"><small>Pointed stones dug into the opposing Hatterene!</small><br></div><div class="spacer battle-history"><br></div><div class="battle-history"><small>The opposing Hatterene restored a little HP using its Leftovers!</small><br></div><div class="spacer battle-history"><br></div><h2 class="battle-history">Turn 15</h2><div class="spacer battle-history"><br></div><div class="battle-history">Landorus, come back!<br></div><div class="battle-history">Go! <strong>Slowking-Galar</strong>!<br></div><div class="spacer battle-history"><br></div><div class="battle-history">The opposing Hatterene used <strong>Calm Mind</strong>!<br></div><div class="battle-history"><small>The opposing Hatterene's Sp. Atk rose!</small><br></div><div class="battle-history"><small>The opposing Hatterene's Sp. Def rose!</small><br></div><div class="spacer battle-history"><br></div><div class="battle-history"><small>The opposing Hatterene restored a little HP using its Leftovers!</small><br></div><div class="spacer battle-history"><br></div><h2 class="battle-history">Turn 16</h2><div class="spacer battle-history"><br></div><div class="battle-history">ayushhh withdrew Hatterene!<br></div><div class="battle-history">ayushhh sent out <strong>Heatran</strong>!<br></div><div class="battle-history"><small>Pointed stones dug into the opposing Heatran!</small><br></div><div class="battle-history"><small>The opposing Heatran floats in the air with its Air Balloon!</small><br></div><div class="spacer battle-history"><br></div><div class="battle-history">Slowking-Galar used <strong>Sludge Bomb</strong>!<br></div><div class="battle-history"><small>It doesn't affect the opposing Heatran...</small><br></div><div class="spacer battle-history"><br></div><h2 class="battle-history">Turn 17</h2><div class="spacer battle-history"><br></div><div class="battle-history">The opposing Heatran used <strong>Magma Storm</strong>!<br></div><div class="battle-history"><small>Slowking-Galar avoided the attack!</small><br></div><div class="spacer battle-history"><br></div><div class="battle-history"><small>Slowking-Galar is preparing to tell a chillingly bad joke!</small><br></div><div class="battle-history">Slowking-Galar used <strong>Chilly Reception</strong>!<br></div><div class="battle-history"><small>It started to snow!</small><br></div><div class="spacer battle-history"><br></div><div class="battle-history">Slowking, come back!<br></div><div class="battle-history">Go! <strong>Alomomola</strong>!<br></div><div class="battle-history"><small>Pointed stones dug into Alomomola!</small><br></div><div class="spacer battle-history"><br></div><div class="battle-history"><small>(The snow is falling down.)</small><br></div><div class="spacer battle-history"><br></div><h2 class="battle-history">Turn 18</h2><div class="spacer battle-history"><br></div><div class="battle-history">ayushhh withdrew Heatran!<br></div><div class="battle-history">ayushhh sent out <strong>Hatterene</strong>!<br></div><div class="battle-history"><small>Pointed stones dug into the opposing Hatterene!</small><br></div><div class="spacer battle-history"><br></div><div class="battle-history">Alomomola used <strong>Flip Turn</strong>!<br></div><div class="battle-history"><small>(The opposing Hatterene lost 13% of its health!)</small><br></div><div class="spacer battle-history"><br></div><div class="battle-history">Alomomola went back to Synthetic Aperture!<br></div><div class="battle-history">Go! <strong>Kingambit</strong>!<br></div><div class="battle-history"><small>Pointed stones dug into Kingambit!</small><br></div><div class="spacer battle-history"><br></div><div class="battle-history"><small>(The snow is falling down.)</small><br></div><div class="battle-history"><small>The opposing Hatterene restored a little HP using its Leftovers!</small><br></div><div class="spacer battle-history"><br></div><h2 class="battle-history">Turn 19</h2><div class="spacer battle-history"><br></div><div class="battle-history">ayushhh withdrew Hatterene!<br></div><div class="battle-history">ayushhh sent out <strong>Landorus-Therian</strong>!<br></div><div class="battle-history"><small>Pointed stones dug into the opposing Landorus-Therian!</small><br></div><div class="battle-history">[The opposing Landorus-Therian's Intimidate]<br></div><div class="battle-history"><small>Kingambit's Attack fell!</small><br></div><div class="spacer battle-history"><br></div><div class="battle-history">Kingambit used <strong>Iron Head</strong>!<br></div><div class="battle-history"><small>(The opposing Landorus-Therian lost 31% of its health!)</small><br></div><div class="battle-history"><small>Kingambit was hurt by the Rocky Helmet!</small><br></div><div class="spacer battle-history"><br></div><div class="battle-history"><small>(The snow is falling down.)</small><br></div><div class="spacer battle-history"><br></div><h2 class="battle-history">Turn 20</h2><div class="spacer battle-history"><br></div><div class="battle-history">Kingambit, come back!<br></div><div class="battle-history">Go! <strong>Landorus-Therian</strong>!<br></div><div class="battle-history"><small>Pointed stones dug into Landorus-Therian!</small><br></div><div class="battle-history">[Landorus-Therian's Intimidate]<br></div><div class="battle-history"><small>The opposing Landorus-Therian's Attack fell!</small><br></div><div class="spacer battle-history"><br></div><div class="battle-history">The opposing Landorus-Therian used <strong>U-turn</strong>!<br></div><div class="battle-history"><small>It's not very effective...</small><br></div><div class="battle-history"><small>(Landorus-Therian lost <abbr title="−26/321">8.1%</abbr> of its health!)</small><br></div><div class="spacer battle-history"><br></div><div class="battle-history">The opposing Landorus went back to ayushhh!<br></div><div class="battle-history">ayushhh sent out <strong>Hatterene</strong>!<br></div><div class="battle-history"><small>Pointed stones dug into the opposing Hatterene!</small><br></div><div class="spacer battle-history"><br></div><div class="battle-history"><small>(The snow is falling down.)</small><br></div><div class="battle-history"><small>The opposing Hatterene restored a little HP using its Leftovers!</small><br></div><div class="spacer battle-history"><br></div><h2 class="battle-history">Turn 21</h2><div class="spacer battle-history"><br></div><div class="battle-history">Landorus-Therian used <strong>Earthquake</strong>!<br></div><div class="battle-history"><small>(The opposing Hatterene lost 42% of its health!)</small><br></div><div class="spacer battle-history"><br></div><div class="battle-history">The opposing Hatterene used <strong>Draining Kiss</strong>!<br></div><div class="battle-history"><small>(Landorus-Therian lost <abbr title="−91/321">28.3%</abbr> of its health!)</small><br></div><div class="battle-history"><small>Landorus-Therian had its energy drained!</small><br></div><div class="spacer battle-history"><br></div><div class="battle-history"><small>The snow stopped.</small><br></div><div class="battle-history"><small>The opposing Hatterene restored a little HP using its Leftovers!</small><br></div><div class="spacer battle-history"><br></div><h2 class="battle-history">Turn 22</h2><div class="spacer battle-history"><br></div><div class="battle-history">ayushhh withdrew Hatterene!<br></div><div class="battle-history">ayushhh sent out <strong>Landorus-Therian</strong>!<br></div><div class="battle-history"><small>Pointed stones dug into the opposing Landorus-Therian!</small><br></div><div class="battle-history">[The opposing Landorus-Therian's Intimidate]<br></div><div class="battle-history"><small>Landorus-Therian's Attack fell!</small><br></div><div class="spacer battle-history"><br></div><div class="battle-history">Landorus-Therian used <strong>Earthquake</strong>!<br></div><div class="battle-history"><small>It doesn't affect the opposing Landorus-Therian...</small><br></div><div class="spacer battle-history"><br></div><h2 class="battle-history">Turn 23</h2><div class="spacer battle-history"><br></div><div class="battle-history">Landorus, come back!<br></div><div class="battle-history">Go! <strong>Alomomola</strong>!<br></div><div class="battle-history"><small>Pointed stones dug into Alomomola!</small><br></div><div class="spacer battle-history"><br></div><div class="battle-history">The opposing Landorus-Therian used <strong>U-turn</strong>!<br></div><div class="battle-history"><small>(Alomomola lost <abbr title="−60/473">12.7%</abbr> of its health!)</small><br></div><div class="spacer battle-history"><br></div><div class="battle-history">The opposing Landorus went back to ayushhh!<br></div><div class="battle-history">ayushhh sent out <strong>Zamazenta</strong>!<br></div><div class="battle-history"><small>Pointed stones dug into the opposing Zamazenta!</small><br></div><div class="spacer battle-history"><br></div><h2 class="battle-history">Turn 24</h2><div class="spacer battle-history"><br></div><div class="battle-history">Alomomola used <strong>Protect</strong>!<br></div><div class="battle-history"><small>Alomomola protected itself!</small><br></div><div class="spacer battle-history"><br></div><div class="battle-history">The opposing Zamazenta used <strong>Close Combat</strong>!<br></div><div class="battle-history"><small>Alomomola protected itself!</small><br></div><div class="spacer battle-history"><br></div><h2 class="battle-history">Turn 25</h2><div class="spacer battle-history"><br></div><div class="battle-history">ayushhh withdrew Zamazenta!<br></div><div class="battle-history">ayushhh sent out <strong>Heatran</strong>!<br></div><div class="battle-history"><small>Pointed stones dug into the opposing Heatran!</small><br></div><div class="battle-history"><small>The opposing Heatran floats in the air with its Air Balloon!</small><br></div><div class="spacer battle-history"><br></div><div class="battle-history">Alomomola, come back!<br></div><div class="battle-history">Go! <strong>Slowking-Galar</strong>!<br></div><div class="spacer battle-history"><br></div><h2 class="battle-history">Turn 26</h2><div class="spacer battle-history"><br></div><div class="battle-history">The opposing Heatran used <strong>Taunt</strong>!<br></div><div class="battle-history"><small>Slowking-Galar fell for the taunt!</small><br></div><div class="spacer battle-history"><br></div><div class="battle-history">Slowking-Galar used <strong>Future Sight</strong>!<br></div><div class="battle-history"><small>Slowking-Galar foresaw an attack!</small><br></div><div class="spacer battle-history"><br></div><h2 class="battle-history">Turn 27</h2><div class="spacer battle-history"><br></div><div class="battle-history">Slowking, come back!<br></div><div class="battle-history">Go! <strong>Alomomola</strong>!<br></div><div class="battle-history"><small>Pointed stones dug into Alomomola!</small><br></div><div class="spacer battle-history"><br></div><div class="battle-history">The opposing Heatran used <strong>Magma Storm</strong>!<br></div><div class="battle-history"><small>It's not very effective...</small><br></div><div class="battle-history"><small>A critical hit!</small><br></div><div class="battle-history"><small>(Alomomola lost <abbr title="−141/473">29.8%</abbr> of its health!)</small><br></div><div class="battle-history"><small>Alomomola became trapped by swirling magma!</small><br></div><div class="spacer battle-history"><br></div><div class="battle-history"><small>Alomomola is hurt by Magma Storm!</small><br></div><div class="spacer battle-history"><br></div><h2 class="battle-history">Turn 28</h2><div class="spacer battle-history"><br></div><div class="battle-history">The opposing Heatran used <strong>Protect</strong>!<br></div><div class="battle-history"><small>The opposing Heatran protected itself!</small><br></div><div class="spacer battle-history"><br></div><div class="battle-history">Alomomola used <strong>Flip Turn</strong>!<br></div><div class="battle-history"><small>The opposing Heatran protected itself!</small><br></div><div class="spacer battle-history"><br></div><div class="battle-history"><small>The opposing Heatran took the Future Sight attack!</small><br></div><div class="battle-history"><small>It's not very effective...</small><br></div><div class="battle-history"><small>(The opposing Heatran lost 15% of its health!)</small><br></div><div class="battle-history"><small>The opposing Heatran's Air Balloon popped!</small><br></div><div class="battle-history"><small>Alomomola is hurt by Magma Storm!</small><br></div><div class="spacer battle-history"><br></div><h2 class="battle-history">Turn 29</h2><div class="spacer battle-history"><br></div><div class="battle-history">The opposing Heatran used <strong>Protect</strong>!<br></div><div class="battle-history"><small>But it failed!</small><br></div><div class="spacer battle-history"><br></div><div class="battle-history">Alomomola used <strong>Flip Turn</strong>!<br></div><div class="battle-history"><small>It's super effective!</small><br></div><div class="battle-history"><small>(The opposing Heatran lost 28% of its health!)</small><br></div><div class="chat message-error">Synthetic Aperture has 120 seconds left.</div><div class="spacer battle-history"><br></div><div class="battle-history">Alomomola went back to Synthetic Aperture!<br></div><div class="battle-history">Go! <strong>Zapdos</strong>!<br></div><div class="spacer battle-history"><br></div><h2 class="battle-history">Turn 30</h2><div class="spacer battle-history"><br></div><div class="battle-history">Zapdos used <strong>Defog</strong>!<br></div><div class="battle-history"><small>The opposing Heatran's evasiveness fell!</small><br></div><div class="battle-history"><small>The pointed stones disappeared from around the opposing team!</small><br></div><div class="battle-history"><small>The pointed stones disappeared from around your team!</small><br></div><div class="spacer battle-history"><br></div><div class="battle-history">The opposing Heatran used <strong>Magma Storm</strong>!<br></div><div class="battle-history"><small>(Zapdos lost <abbr title="−33/383">8.6%</abbr> of its health!)</small><br></div><div class="spacer battle-history"><br></div><div class="battle-history">Zapdos fainted!<br></div><div class="spacer battle-history"><br></div><div class="battle-history">Go! <strong>Kyurem</strong>!<br></div><div class="battle-history">[Kyurem's Pressure]<br><small>Kyurem is exerting its pressure!</small><br></div><div class="spacer battle-history"><br></div><h2 class="battle-history">Turn 31</h2><div class="spacer battle-history"><br></div><div class="battle-history">ayushhh withdrew Heatran!<br></div><div class="battle-history">ayushhh sent out <strong>Landorus-Therian</strong>!<br></div><div class="battle-history">[The opposing Landorus-Therian's Intimidate]<br></div><div class="battle-history"><small>Kyurem's Attack fell!</small><br></div><div class="spacer battle-history"><br></div><div class="battle-history">Kyurem used <strong>Earth Power</strong>!<br></div><div class="battle-history"><small>It doesn't affect the opposing Landorus-Therian...</small><br></div><div class="spacer battle-history"><br></div><h2 class="battle-history">Turn 32</h2><div class="spacer battle-history"><br></div><div class="battle-history">ayushhh withdrew Landorus!<br></div><div class="battle-history">ayushhh sent out <strong>Zamazenta</strong>!<br></div><div class="spacer battle-history"><br></div><div class="battle-history">Kyurem used <strong>Freeze-Dry</strong>!<br></div><div class="battle-history"><small>(The opposing Zamazenta lost 30% of its health!)</small><br></div><div class="spacer battle-history"><br></div><h2 class="battle-history">Turn 33</h2><div class="spacer battle-history"><br></div><div class="battle-history">Kyurem, come back!<br></div><div class="battle-history">Go! <strong>Slowking-Galar</strong>!<br></div><div class="spacer battle-history"><br></div><div class="battle-history">The opposing Zamazenta used <strong>Crunch</strong>!<br></div><div class="battle-history"><small>It's super effective!</small><br></div><div class="battle-history"><small>(Slowking-Galar lost <abbr title="−308/393">78.4%</abbr> of its health!)</small><br></div><div class="battle-history"><small>Slowking-Galar's Defense fell!</small><br></div><div class="spacer battle-history"><br></div><h2 class="battle-history">Turn 34</h2><div class="spacer battle-history"><br></div><div class="battle-history">ayushhh withdrew Zamazenta!<br></div><div class="battle-history">ayushhh sent out <strong>Landorus-Therian</strong>!<br></div><div class="battle-history">[The opposing Landorus-Therian's Intimidate]<br></div><div class="battle-history"><small>Slowking-Galar's Attack fell!</small><br></div><div class="spacer battle-history"><br></div><div class="battle-history">Slowking, come back!<br></div><div class="battle-history">Go! <strong>Kingambit</strong>!<br></div><div class="battle-history">[Kingambit's Supreme Overlord]<br><small>Kingambit gained strength from the fallen!</small><br></div><div class="spacer battle-history"><br></div><h2 class="battle-history">Turn 35</h2><div class="spacer battle-history"><br></div><div class="battle-history">The opposing Landorus-Therian used <strong>Stealth Rock</strong>!<br></div><div class="battle-history"><small>Pointed stones float in the air around your team!</small><br></div><div class="spacer battle-history"><br></div><div class="battle-history">Kingambit used <strong>Knock Off</strong>!<br></div><div class="battle-history"><small>(The opposing Landorus-Therian lost 32% of its health!)</small><br></div><div class="battle-history"><small>Kingambit was hurt by the Rocky Helmet!</small><br></div><div class="battle-history"><small>Kingambit knocked off the opposing Landorus-Therian's Rocky Helmet!</small><br></div><div class="spacer battle-history"><br></div><div class="battle-history">The opposing Landorus-Therian fainted!<br></div><div class="spacer battle-history"><br></div><div class="battle-history">ayushhh sent out <strong>Zamazenta</strong>!<br></div><div class="spacer battle-history"><br></div><h2 class="battle-history">Turn 36</h2><div class="spacer battle-history"><br></div><div class="battle-history">Kingambit, come back!<br></div><div class="battle-history">Go! <strong>Kyurem</strong>!<br></div><div class="battle-history"><small>Pointed stones dug into Kyurem!</small><br></div><div class="spacer battle-history"><br></div><div class="battle-history">Kyurem fainted!<br></div><div class="battle-history">The opposing Zamazenta used <strong>Close Combat</strong>!<br></div><div class="battle-history"><small>But it failed!</small><br></div><div class="spacer battle-history"><br></div><div class="battle-history">Go! <strong>Slowking-Galar</strong>!<br></div><div class="spacer battle-history"><br></div><h2 class="battle-history">Turn 37</h2><div class="spacer battle-history"><br></div><div class="battle-history">ayushhh withdrew Zamazenta!<br></div><div class="battle-history">ayushhh sent out <strong>Heatran</strong>!<br></div><div class="spacer battle-history"><br></div><div class="battle-history"><small>Slowking-Galar is preparing to tell a chillingly bad joke!</small><br></div><div class="battle-history">Slowking-Galar used <strong>Chilly Reception</strong>!<br></div><div class="battle-history"><small>It started to snow!</small><br></div><div class="spacer battle-history"><br></div><div class="battle-history">Slowking, come back!<br></div><div class="battle-history">Go! <strong>Alomomola</strong>!<br></div><div class="battle-history"><small>Pointed stones dug into Alomomola!</small><br></div><div class="spacer battle-history"><br></div><div class="battle-history"><small>(The snow is falling down.)</small><br></div><div class="spacer battle-history"><br></div><h2 class="battle-history">Turn 38</h2><div class="spacer battle-history"><br></div><div class="battle-history">ayushhh withdrew Heatran!<br></div><div class="battle-history">ayushhh sent out <strong>Zamazenta</strong>!<br></div><div class="spacer battle-history"><br></div><div class="battle-history">Alomomola used <strong>Flip Turn</strong>!<br></div><div class="battle-history"><small>(The opposing Zamazenta lost 15% of its health!)</small><br></div><div class="spacer battle-history"><br></div><div class="battle-history">Alomomola went back to Synthetic Aperture!<br></div><div class="battle-history">Go! <strong>Kingambit</strong>!<br></div><div class="battle-history"><small>Pointed stones dug into Kingambit!</small><br></div><div class="battle-history">[Kingambit's Supreme Overlord]<br><small>Kingambit gained strength from the fallen!</small><br></div><div class="spacer battle-history"><br></div><div class="battle-history"><small>(The snow is falling down.)</small><br></div><div class="spacer battle-history"><br></div><h2 class="battle-history">Turn 39</h2><div class="spacer battle-history"><br></div><div class="battle-history">ayushhh withdrew Zamazenta!<br></div><div class="battle-history">ayushhh sent out <strong>Heatran</strong>!<br></div><div class="spacer battle-history"><br></div><div class="battle-history">Kingambit used <strong>Sucker Punch</strong>!<br></div><div class="battle-history"><small>But it failed!</small><br></div><div class="spacer battle-history"><br></div><div class="battle-history"><small>(The snow is falling down.)</small><br></div><div class="spacer battle-history"><br></div><h2 class="battle-history">Turn 40</h2><div class="spacer battle-history"><br></div><div class="battle-history">The opposing Heatran used <strong>Protect</strong>!<br></div><div class="battle-history"><small>The opposing Heatran protected itself!</small><br></div><div class="spacer battle-history"><br></div><div class="battle-history">Kingambit used <strong>Sucker Punch</strong>!<br></div><div class="battle-history"><small>But it failed!</small><br></div><div class="spacer battle-history"><br></div><div class="battle-history"><small>(The snow is falling down.)</small><br></div><div class="spacer battle-history"><br></div><h2 class="battle-history">Turn 41</h2><div class="spacer battle-history"><br></div><div class="battle-history">The opposing Heatran used <strong>Protect</strong>!<br></div><div class="battle-history"><small>But it failed!</small><br></div><div class="spacer battle-history"><br></div><div class="battle-history">Kingambit used <strong>Sucker Punch</strong>!<br></div><div class="battle-history"><small>But it failed!</small><br></div><div class="spacer battle-history"><br></div><div class="battle-history"><small>The snow stopped.</small><br></div><div class="spacer battle-history"><br></div><h2 class="battle-history">Turn 42</h2><div class="spacer battle-history"><br></div><div class="battle-history">The opposing Heatran used <strong>Magma Storm</strong>!<br></div><div class="battle-history"><small>It's super effective!</small><br></div><div class="battle-history"><small>(Kingambit lost <abbr title="−187/341">54.8%</abbr> of its health!)</small><br></div><div class="spacer battle-history"><br></div><div class="battle-history">Kingambit fainted!<br></div><div class="spacer battle-history"><br></div><div class="battle-history">Go! <strong>Alomomola</strong>!<br></div><div class="battle-history"><small>Pointed stones dug into Alomomola!</small><br></div><div class="spacer battle-history"><br></div><h2 class="battle-history">Turn 43</h2><div class="spacer battle-history"><br></div><div class="battle-history">ayushhh withdrew Heatran!<br></div><div class="battle-history">ayushhh sent out <strong>Hatterene</strong>!<br></div><div class="spacer battle-history"><br></div><div class="battle-history">Alomomola used <strong>Flip Turn</strong>!<br></div><div class="battle-history"><small>(The opposing Hatterene lost 14% of its health!)</small><br></div><div class="spacer battle-history"><br></div><div class="battle-history">Alomomola went back to Synthetic Aperture!<br></div><div class="battle-history">Go! <strong>Slowking-Galar</strong>!<br></div><div class="spacer battle-history"><br></div><div class="battle-history"><small>The opposing Hatterene restored a little HP using its Leftovers!</small><br></div><div class="spacer battle-history"><br></div><h2 class="battle-history">Turn 44</h2><div class="spacer battle-history"><br></div><div class="battle-history">The opposing Hatterene used <strong>Calm Mind</strong>!<br></div><div class="battle-history"><small>The opposing Hatterene's Sp. Atk rose!</small><br></div><div class="battle-history"><small>The opposing Hatterene's Sp. Def rose!</small><br></div><div class="spacer battle-history"><br></div><div class="battle-history"><small>Slowking-Galar is preparing to tell a chillingly bad joke!</small><br></div><div class="battle-history">Slowking-Galar used <strong>Chilly Reception</strong>!<br></div><div class="battle-history"><small>It started to snow!</small><br></div><div class="spacer battle-history"><br></div><div class="battle-history">Slowking, come back!<br></div><div class="battle-history">Go! <strong>Alomomola</strong>!<br></div><div class="battle-history"><small>Pointed stones dug into Alomomola!</small><br></div><div class="spacer battle-history"><br></div><div class="battle-history"><small>(The snow is falling down.)</small><br></div><div class="battle-history"><small>The opposing Hatterene restored a little HP using its Leftovers!</small><br></div><div class="spacer battle-history"><br></div><h2 class="battle-history">Turn 45</h2><div class="spacer battle-history"><br></div><div class="battle-history">Alomomola used <strong>Flip Turn</strong>!<br></div><div class="battle-history"><small>(The opposing Hatterene lost 14% of its health!)</small><br></div><div class="spacer battle-history"><br></div><div class="battle-history">Alomomola went back to Synthetic Aperture!<br></div><div class="battle-history">Go! <strong>Slowking-Galar</strong>!<br></div><div class="spacer battle-history"><br></div><div class="battle-history">The opposing Hatterene used <strong>Draining Kiss</strong>!<br></div><div class="battle-history"><small>It's not very effective...</small><br></div><div class="battle-history"><small>(Slowking-Galar lost <abbr title="−37/393">9.4%</abbr> of its health!)</small><br></div><div class="battle-history"><small>Slowking-Galar had its energy drained!</small><br></div><div class="spacer battle-history"><br></div><div class="battle-history"><small>(The snow is falling down.)</small><br></div><div class="battle-history"><small>The opposing Hatterene restored a little HP using its Leftovers!</small><br></div><div class="spacer battle-history"><br></div><h2 class="battle-history">Turn 46</h2><div class="spacer battle-history"><br></div><div class="battle-history">ayushhh withdrew Hatterene!<br></div><div class="battle-history">ayushhh sent out <strong>Heatran</strong>!<br></div><div class="spacer battle-history"><br></div><div class="battle-history">Slowking-Galar used <strong>Sludge Bomb</strong>!<br></div><div class="battle-history"><small>It doesn't affect the opposing Heatran...</small><br></div><div class="spacer battle-history"><br></div><div class="battle-history"><small>(The snow is falling down.)</small><br></div><div class="spacer battle-history"><br></div><h2 class="battle-history">Turn 47</h2><div class="spacer battle-history"><br></div><div class="battle-history">Slowking, come back!<br></div><div class="battle-history">Go! <strong>Alomomola</strong>!<br></div><div class="battle-history"><small>Pointed stones dug into Alomomola!</small><br></div><div class="spacer battle-history"><br></div><div class="battle-history">The opposing Heatran used <strong>Magma Storm</strong>!<br></div><div class="battle-history"><small>It's not very effective...</small><br></div><div class="battle-history"><small>(Alomomola lost <abbr title="−93/473">19.7%</abbr> of its health!)</small><br></div><div class="battle-history"><small>Alomomola became trapped by swirling magma!</small><br></div><div class="spacer battle-history"><br></div><div class="battle-history"><small>(The snow is falling down.)</small><br></div><div class="battle-history"><small>Alomomola is hurt by Magma Storm!</small><br></div><div class="spacer battle-history"><br></div><h2 class="battle-history">Turn 48</h2><div class="spacer battle-history"><br></div><div class="battle-history">The opposing Heatran used <strong>Protect</strong>!<br></div><div class="battle-history"><small>The opposing Heatran protected itself!</small><br></div><div class="spacer battle-history"><br></div><div class="battle-history">Alomomola used <strong>Wish</strong>!<br></div><div class="spacer battle-history"><br></div><div class="battle-history"><small>The snow stopped.</small><br></div><div class="battle-history"><small>Alomomola is hurt by Magma Storm!</small><br></div><div class="spacer battle-history"><br></div><h2 class="battle-history">Turn 49</h2><div class="spacer battle-history"><br></div><div class="battle-history">ayushhh withdrew Heatran!<br></div><div class="battle-history">ayushhh sent out <strong>Hatterene</strong>!<br></div><div class="spacer battle-history"><br></div><div class="battle-history">Alomomola used <strong>Flip Turn</strong>!<br></div><div class="battle-history"><small>(The opposing Hatterene lost 13% of its health!)</small><br></div><div class="spacer battle-history"><br></div><div class="battle-history">Alomomola went back to Synthetic Aperture!<br></div><div class="battle-history">Go! <strong>Slowking-Galar</strong>!<br></div><div class="spacer battle-history"><br></div><div class="battle-history"><small>The opposing Hatterene restored a little HP using its Leftovers!</small><br></div><div class="spacer battle-history"><br></div><h2 class="battle-history">Turn 50</h2><div class="spacer battle-history"><br></div><div class="battle-history">The opposing Hatterene used <strong>Psychic Noise</strong>!<br></div><div class="battle-history"><small>(Slowking-Galar lost <abbr title="−81/393">20.6%</abbr> of its health!)</small><br></div><div class="battle-history"><small>Slowking-Galar was prevented from healing!</small><br></div><div class="spacer battle-history"><br></div><div class="battle-history">Slowking-Galar used <strong>Future Sight</strong>!<br></div><div class="battle-history"><small>Slowking-Galar foresaw an attack!</small><br></div><div class="spacer battle-history"><br></div><div class="battle-history"><small>The opposing Hatterene restored a little HP using its Leftovers!</small><br></div><div class="spacer battle-history"><br></div><h2 class="battle-history">Turn 51</h2><div class="spacer battle-history"><br></div><div class="battle-history">ayushhh withdrew Hatterene!<br></div><div class="battle-history">ayushhh sent out <strong>Heatran</strong>!<br></div><div class="spacer battle-history"><br></div><div class="battle-history">Slowking-Galar used <strong>Sludge Bomb</strong>!<br></div><div class="battle-history"><small>It doesn't affect the opposing Heatran...</small><br></div><div class="spacer battle-history"><br></div><div class="battle-history"><small>Slowking-Galar is no longer prevented from healing!</small><br></div><div class="spacer battle-history"><br></div><h2 class="battle-history">Turn 52</h2><div class="spacer battle-history"><br></div><div class="battle-history">Slowking, come back!<br></div><div class="battle-history">Go! <strong>Landorus-Therian</strong>!<br></div><div class="battle-history"><small>Pointed stones dug into Landorus-Therian!</small><br></div><div class="spacer battle-history"><br></div><div class="battle-history">Landorus-Therian fainted!<br></div><div class="battle-history">The opposing Heatran used <strong>Magma Storm</strong>!<br></div><div class="battle-history"><small>But it failed!</small><br></div><div class="spacer battle-history"><br></div><div class="battle-history"><small>The opposing Heatran took the Future Sight attack!</small><br></div><div class="battle-history"><small>It's not very effective...</small><br></div><div class="battle-history"><small>(The opposing Heatran lost 14% of its health!)</small><br></div><div class="spacer battle-history"><br></div><div class="battle-history">Go! <strong>Alomomola</strong>!<br></div><div class="battle-history"><small>Pointed stones dug into Alomomola!</small><br></div><div class="spacer battle-history"><br></div><h2 class="battle-history">Turn 53</h2><div class="spacer battle-history"><br></div><div class="battle-history">ayushhh withdrew Heatran!<br></div><div class="battle-history">ayushhh sent out <strong>Hatterene</strong>!<br></div><div class="spacer battle-history"><br></div><div class="battle-history">Alomomola used <strong>Flip Turn</strong>!<br></div><div class="battle-history"><small>(The opposing Hatterene lost 13% of its health!)</small><br></div><div class="spacer battle-history"><br></div><div class="battle-history">Alomomola went back to Synthetic Aperture!<br></div><div class="battle-history">Go! <strong>Slowking-Galar</strong>!<br></div><div class="spacer battle-history"><br></div><div class="battle-history"><small>The opposing Hatterene restored a little HP using its Leftovers!</small><br></div><div class="spacer battle-history"><br></div><h2 class="battle-history">Turn 54</h2><div class="spacer battle-history"><br></div><div class="battle-history">ayushhh withdrew Hatterene!<br></div><div class="battle-history">ayushhh sent out <strong>Zamazenta</strong>!<br></div><div class="spacer battle-history"><br></div><div class="battle-history">Slowking-Galar used <strong>Future Sight</strong>!<br></div><div class="battle-history"><small>Slowking-Galar foresaw an attack!</small><br></div><div class="spacer battle-history"><br></div><h2 class="battle-history">Turn 55</h2><div class="spacer battle-history"><br></div><div class="battle-history">The opposing Zamazenta used <strong>Crunch</strong>!<br></div><div class="battle-history"><small>It's super effective!</small><br></div><div class="battle-history"><small>(Slowking-Galar lost <abbr title="−330/393">84.0%</abbr> of its health!)</small><br></div><div class="spacer battle-history"><br></div><div class="battle-history"><small>Slowking-Galar is preparing to tell a chillingly bad joke!</small><br></div><div class="battle-history">Slowking-Galar used <strong>Chilly Reception</strong>!<br></div><div class="battle-history"><small>It started to snow!</small><br></div><div class="spacer battle-history"><br></div><div class="battle-history">Slowking, come back!<br></div><div class="battle-history">Go! <strong>Alomomola</strong>!<br></div><div class="battle-history"><small>Pointed stones dug into Alomomola!</small><br></div><div class="spacer battle-history"><br></div><div class="battle-history"><small>(The snow is falling down.)</small><br></div><div class="spacer battle-history"><br></div><h2 class="battle-history">Turn 56</h2><div class="spacer battle-history"><br></div><div class="battle-history">ayushhh withdrew Zamazenta!<br></div><div class="battle-history">ayushhh sent out <strong>Hatterene</strong>!<br></div><div class="spacer battle-history"><br></div><div class="battle-history">Alomomola used <strong>Wish</strong>!<br></div><div class="spacer battle-history"><br></div><div class="battle-history"><small>(The snow is falling down.)</small><br></div><div class="battle-history"><small>The opposing Hatterene took the Future Sight attack!</small><br></div><div class="battle-history"><small>It's not very effective...</small><br></div><div class="battle-history"><small>(The opposing Hatterene lost 23% of its health!)</small><br></div><div class="battle-history"><small>The opposing Hatterene restored a little HP using its Leftovers!</small><br></div><div class="spacer battle-history"><br></div><h2 class="battle-history">Turn 57</h2><div class="spacer battle-history"><br></div><div class="battle-history">Alomomola used <strong>Flip Turn</strong>!<br></div><div class="battle-history"><small>(The opposing Hatterene lost 14% of its health!)</small><br></div><div class="spacer battle-history"><br></div><div class="battle-history">Alomomola went back to Synthetic Aperture!<br></div><div class="battle-history">Go! <strong>Slowking-Galar</strong>!<br></div><div class="spacer battle-history"><br></div><div class="battle-history">The opposing Hatterene used <strong>Psychic Noise</strong>!<br></div><div class="battle-history"><small>(Slowking-Galar lost <abbr title="−73/393">18.6%</abbr> of its health!)</small><br></div><div class="battle-history"><small>Slowking-Galar was prevented from healing!</small><br></div><div class="spacer battle-history"><br></div><div class="battle-history"><small>(The snow is falling down.)</small><br></div><div class="battle-history"><small>The opposing Hatterene restored a little HP using its Leftovers!</small><br></div><div class="spacer battle-history"><br></div><h2 class="battle-history">Turn 58</h2><div class="spacer battle-history"><br></div><div class="battle-history">The opposing Hatterene used <strong>Psychic Noise</strong>!<br></div><div class="battle-history"><small>(Slowking-Galar lost <abbr title="−79/393">20.1%</abbr> of its health!)</small><br></div><div class="spacer battle-history"><br></div><div class="battle-history"><small>Slowking-Galar is preparing to tell a chillingly bad joke!</small><br></div><div class="battle-history">Slowking-Galar used <strong>Chilly Reception</strong>!<br></div><div class="spacer battle-history"><br></div><div class="battle-history">Slowking, come back!<br></div><div class="battle-history">Go! <strong>Alomomola</strong>!<br></div><div class="battle-history"><small>Pointed stones dug into Alomomola!</small><br></div><div class="spacer battle-history"><br></div><div class="battle-history"><small>(The snow is falling down.)</small><br></div><div class="battle-history"><small>The opposing Hatterene restored a little HP using its Leftovers!</small><br></div><div class="spacer battle-history"><br></div><h2 class="battle-history">Turn 59</h2><div class="spacer battle-history"><br></div><div class="battle-history">Alomomola used <strong>Flip Turn</strong>!<br></div><div class="battle-history"><small>(The opposing Hatterene lost 14% of its health!)</small><br></div><div class="spacer battle-history"><br></div><div class="battle-history">Alomomola went back to Synthetic Aperture!<br></div><div class="battle-history">Go! <strong>Slowking-Galar</strong>!<br></div><div class="spacer battle-history"><br></div><div class="battle-history">The opposing Hatterene used <strong>Psychic Noise</strong>!<br></div><div class="battle-history"><small>(Slowking-Galar lost <abbr title="−75/393">19.1%</abbr> of its health!)</small><br></div><div class="battle-history"><small>Slowking-Galar was prevented from healing!</small><br></div><div class="spacer battle-history"><br></div><div class="battle-history"><small>The snow stopped.</small><br></div><div class="battle-history"><small>The opposing Hatterene restored a little HP using its Leftovers!</small><br></div><div class="spacer battle-history"><br></div><h2 class="battle-history">Turn 60</h2><div class="spacer battle-history"><br></div><div class="battle-history">The opposing Hatterene used <strong>Psychic Noise</strong>!<br></div><div class="battle-history"><small>(Slowking-Galar lost <abbr title="−82/393">20.9%</abbr> of its health!)</small><br></div><div class="spacer battle-history"><br></div><div class="battle-history"><small>Slowking-Galar is preparing to tell a chillingly bad joke!</small><br></div><div class="battle-history">Slowking-Galar used <strong>Chilly Reception</strong>!<br></div><div class="battle-history"><small>It started to snow!</small><br></div><div class="spacer battle-history"><br></div><div class="battle-history">Slowking, come back!<br></div><div class="battle-history">Go! <strong>Alomomola</strong>!<br></div><div class="battle-history"><small>Pointed stones dug into Alomomola!</small><br></div><div class="spacer battle-history"><br></div><div class="battle-history"><small>(The snow is falling down.)</small><br></div><div class="battle-history"><small>The opposing Hatterene restored a little HP using its Leftovers!</small><br></div><div class="spacer battle-history"><br></div><h2 class="battle-history">Turn 61</h2><div class="spacer battle-history"><br></div><div class="battle-history">Alomomola used <strong>Wish</strong>!<br></div><div class="spacer battle-history"><br></div><div class="battle-history">The opposing Hatterene used <strong>Calm Mind</strong>!<br></div><div class="battle-history"><small>The opposing Hatterene's Sp. Atk rose!</small><br></div><div class="battle-history"><small>The opposing Hatterene's Sp. Def rose!</small><br></div><div class="spacer battle-history"><br></div><div class="battle-history"><small>(The snow is falling down.)</small><br></div><div class="battle-history"><small>The opposing Hatterene restored a little HP using its Leftovers!</small><br></div><div class="spacer battle-history"><br></div><h2 class="battle-history">Turn 62</h2><div class="spacer battle-history"><br></div><div class="battle-history">Alomomola used <strong>Flip Turn</strong>!<br></div><div class="battle-history"><small>(The opposing Hatterene lost 12% of its health!)</small><br></div><div class="spacer battle-history"><br></div><div class="battle-history">Alomomola went back to Synthetic Aperture!<br></div><div class="battle-history">Go! <strong>Slowking-Galar</strong>!<br></div><div class="spacer battle-history"><br></div><div class="battle-history">The opposing Hatterene used <strong>Psychic Noise</strong>!<br></div><div class="battle-history"><small>(Slowking-Galar lost <abbr title="−123/393">31.3%</abbr> of its health!)</small><br></div><div class="battle-history"><small>Slowking-Galar was prevented from healing!</small><br></div><div class="spacer battle-history"><br></div><div class="battle-history"><small>(The snow is falling down.)</small><br></div><div class="battle-history"><small>The opposing Hatterene restored a little HP using its Leftovers!</small><br></div><div class="spacer battle-history"><br></div><h2 class="battle-history">Turn 63</h2><div class="spacer battle-history"><br></div><div class="battle-history">The opposing Hatterene used <strong>Draining Kiss</strong>!<br></div><div class="battle-history"><small>It's not very effective...</small><br></div><div class="battle-history"><small>(Slowking-Galar lost <abbr title="−24/393">6.1%</abbr> of its health!)</small><br></div><div class="battle-history"><small>Slowking-Galar had its energy drained!</small><br></div><div class="spacer battle-history"><br></div><div class="battle-history">Slowking-Galar fainted!<br></div><div class="spacer battle-history"><br></div><div class="battle-history"><small>(The snow is falling down.)</small><br></div><div class="battle-history"><small>The opposing Hatterene restored a little HP using its Leftovers!</small><br></div><div class="chat chatmessage-syntheticaperture mine"><strong style="color:#3d72b3"><span class="username"><small class="groupsymbol">☆</small>Synthetic Aperture</span>:</strong> <em>damn how did i fuck this up</em></div><div class="chat chatmessage-syntheticaperture mine"><strong style="color:#3d72b3"><span class="username"><small class="groupsymbol">☆</small>Synthetic Aperture</span>:</strong> <em>gg</em></div><div class="chat chatmessage-ayushhh"><strong style="color:#2caa95"><span class="username"><small class="groupsymbol">☆</small>ayushhh</span>:</strong> <em>Gg</em></div><div class="chat">Opponent no longer ignored.</div><div class="chat chatmessage-ayushhh"><strong style="color:#2caa95"><span class="username"><small class="groupsymbol">☆</small>ayushhh</span>:</strong> <em>It was very tough</em></div><div class="spacer battle-history"><br></div><div class="battle-history"><small>Synthetic Aperture forfeited.</small><br></div><div class="spacer battle-history"><br></div><div class="battle-history"><strong>ayushhh</strong> won the battle!<br></div><div class="chat">Synthetic Aperture's rating: 1649 → <strong>1626</strong><br>(-23 for losing)</div><div class="chat">ayushhh's rating: 1590 → <strong>1613</strong><br>(+23 for winning)</div></div><div class="inner-preempt message-log"></div></div></div>
</div>
<script>
let daily = Math.floor(Date.now()/1000/60/60/24);document.write('<script src="https://play.pokemonshowdown.com/js/replay-embed.js?version'+daily+'"></'+'script>');
</script>
