<!DOCTYPE html>
<meta charset="utf-8" />
<!-- version 1 -->
<title>[Gen 9] National Dex replay: Synthetic Aperture vs. Morshreksy</title>
<style>
html,body {font-family:Verdana, sans-serif;font-size:10pt;margin:0;padding:0;}body{padding:12px 0;} .battle-log {font-family:Verdana, sans-serif;font-size:10pt;} .battle-log-inline {border:1px solid #AAAAAA;background:#EEF2F5;color:black;max-width:640px;margin:0 auto 80px;padding-bottom:5px;} .battle-log .inner {padding:4px 8px 0px 8px;} .battle-log .inner-preempt {padding:0 8px 4px 8px;} .battle-log .inner-after {margin-top:0.5em;} .battle-log h2 {margin:0.5em -8px;padding:4px 8px;border:1px solid #AAAAAA;background:#E0E7EA;border-left:0;border-right:0;font-family:Verdana, sans-serif;font-size:13pt;} .battle-log .chat {vertical-align:middle;padding:3px 0 3px 0;font-size:8pt;} .battle-log .chat strong {color:#40576A;} .battle-log .chat em {padding:1px 4px 1px 3px;color:#000000;font-style:normal;} .chat.mine {background:rgba(0,0,0,0.05);margin-left:-8px;margin-right:-8px;padding-left:8px;padding-right:8px;} .spoiler {color:#BBBBBB;background:#BBBBBB;padding:0px 3px;} .spoiler:hover, .spoiler:active, .spoiler-shown {color:#000000;background:#E2E2E2;padding:0px 3px;} .spoiler a {color:#BBBBBB;} .spoiler:hover a, .spoiler:active a, .spoiler-shown a {color:#2288CC;} .chat code, .chat .spoiler:hover code, .chat .spoiler:active code, .chat .spoiler-shown code {border:1px solid #C0C0C0;background:#EEEEEE;color:black;padding:0 2px;} .chat .spoiler code {border:1px solid #CCCCCC;background:#CCCCCC;color:#CCCCCC;} .battle-log .rated {padding:3px 4px;} .battle-log .rated strong {color:white;background:#89A;padding:1px 4px;border-radius:4px;} .spacer {margin-top:0.5em;} .message-announce {background:#6688AA;color:white;padding:1px 4px 2px;} .message-announce a, .broadcast-green a, .broadcast-blue a, .broadcast-red a {color:#DDEEFF;} .broadcast-green {background-color:#559955;color:white;padding:2px 4px;} .broadcast-blue {background-color:#6688AA;color:white;padding:2px 4px;} .infobox {border:1px solid #6688AA;padding:2px 4px;} .infobox-limited {max-height:200px;overflow:auto;overflow-x:hidden;} .broadcast-red {background-color:#AA5544;color:white;padding:2px 4px;} .message-learn-canlearn {font-weight:bold;color:#228822;text-decoration:underline;} .message-learn-cannotlearn {font-weight:bold;color:#CC2222;text-decoration:underline;} .message-effect-weak {font-weight:bold;color:#CC2222;} .message-effect-resist {font-weight:bold;color:#6688AA;} .message-effect-immune {font-weight:bold;color:#666666;} .message-learn-list {margin-top:0;margin-bottom:0;} .message-throttle-notice, .message-error {color:#992222;} .message-overflow, .chat small.message-overflow {font-size:0pt;} .message-overflow::before {font-size:9pt;content:'...';} .subtle {color:#3A4A66;}
</style>
<div class="wrapper replay-wrapper" style="max-width:1180px;margin:0 auto">
<input type="hidden" name="replayid" value="gen9nationaldex-2499750010-brtu5y9rwhb24lms8p6gicuxbqyd406pw" />
<div class="battle"></div><div class="battle-log"></div><div class="replay-controls"></div><div class="replay-controls-2"></div>
<h1 style="font-weight:normal;text-align:center"><strong>[Gen 9] National Dex</strong><br /><a href="http://pokemonshowdown.com/users/syntheticaperture" class="subtle" target="_blank">Synthetic Aperture</a> vs. <a href="http://pokemonshowdown.com/users/morshreksy" class="subtle" target="_blank">Morshreksy</a></h1>
<script type="text/plain" class="battle-log-data">|j|☆Synthetic Aperture

|j|☆Morshreksy
|t:|1765750707
|gametype|singles
|player|p1|Synthetic Aperture|gentleman-gen4|1736
|player|p2|Morshreksy|1|1716
|gen|9
|tier|[Gen 9] National Dex
|rated|
|rule|HP Percentage Mod: HP is shown in percentages
|rule|Endless Battle Clause: Forcing endless battles is banned
|rule|Species Clause: Limit one of each Pokémon
|rule|OHKO Clause: OHKO moves are banned
|rule|Evasion Clause: Evasion abilities, items, and moves are banned
|rule|Evasion Abilities Clause: Evasion abilities are banned
|rule|Evasion Items Clause: Evasion items are banned
|rule|Evasion Moves Clause: Evasion moves are banned
|rule|Sleep Clause Mod: Limit one foe put to sleep
|rule|Terastal Clause: You cannot Terastallize
|clearpoke
|poke|p1|Arcanine-Hisui, F|
|poke|p1|Araquanid, F|
|poke|p1|Gholdengo|
|poke|p1|Garchomp, M|
|poke|p1|Serperior, M|
|poke|p1|Terapagos, M|
|poke|p2|Urshifu-*, M|
|poke|p2|Great Tusk|
|poke|p2|Zapdos|
|poke|p2|Alomomola, M|
|poke|p2|Kingambit, F|
|poke|p2|Venusaur, F|
|teampreview
|inactive|Battle timer is ON: inactive players will automatically lose when time's up. (requested by Morshreksy)
|inactive|Time left: 150 sec this turn | 150 sec total | 60 sec grace
|inactive|Synthetic Aperture also wants the timer to be on.
|inactive|Morshreksy has 120 seconds left.
|
|t:|1765750740
|teamsize|p1|6
|teamsize|p2|6
|start
|switch|p1a: Garchomp|Garchomp, M|357\/357
|switch|p2a: Venusaur|Venusaur, F|100\/100
|turn|1
|inactive|Time left: 150 sec this turn | 150 sec total
|
|t:|1765750746
|detailschange|p2a: Venusaur|Venusaur-Mega, F
|-mega|p2a: Venusaur|Venusaur|Venusaurite
|move|p1a: Garchomp|Swords Dance|p1a: Garchomp
|-boost|p1a: Garchomp|atk|2
|move|p2a: Venusaur|Sludge Bomb|p1a: Garchomp
|-resisted|p1a: Garchomp
|-damage|p1a: Garchomp|284\/357
|
|upkeep
|turn|2
|inactive|Time left: 150 sec this turn | 150 sec total
|
|t:|1765750758
|switch|p2a: Kingambit|Kingambit, F|100\/100
|-zpower|p1a: Garchomp
|move|p1a: Garchomp|Devastating Drake|p2a: Kingambit|[zeffect]
|-resisted|p2a: Kingambit
|-damage|p2a: Kingambit|20\/100
|
|upkeep
|turn|3
|inactive|Time left: 150 sec this turn | 150 sec total
|
|t:|1765750764
|move|p2a: Kingambit|Sucker Punch||[still]
|-fail|p2a: Kingambit
|move|p1a: Garchomp|Stealth Rock|p2a: Kingambit
|-sidestart|p2: Morshreksy|move: Stealth Rock
|
|upkeep
|turn|4
|inactive|Time left: 150 sec this turn | 150 sec total
|
|t:|1765750768
|switch|p2a: Great Tusk|Great Tusk|100\/100
|-damage|p2a: Great Tusk|98\/100|[from] Stealth Rock
|move|p1a: Garchomp|Earthquake|p2a: Great Tusk
|-damage|p2a: Great Tusk|22\/100
|
|upkeep
|turn|5
|inactive|Time left: 150 sec this turn | 150 sec total
|
|t:|1765750772
|move|p2a: Great Tusk|Ice Spinner|p1a: Garchomp
|-supereffective|p1a: Garchomp
|-damage|p1a: Garchomp|0 fnt
|-damage|p2a: Great Tusk|10\/100|[from] ability: Rough Skin|[of] p1a: Garchomp
|faint|p1a: Garchomp
|
|upkeep
|inactive|Time left: 150 sec this turn | 150 sec total | 5 sec grace
|
|t:|1765750790
|switch|p1a: Arcanine|Arcanine-Hisui, F|331\/331
|turn|6
|inactive|Time left: 150 sec this turn | 150 sec total
|
|t:|1765750794
|-end|p2a: Great Tusk|Protosynthesis|[silent]
|switch|p2a: Kingambit|Kingambit, F|20\/100
|-damage|p2a: Kingambit|14\/100|[from] Stealth Rock
|move|p1a: Arcanine|Head Smash|p2a: Kingambit
|-resisted|p2a: Kingambit
|-damage|p2a: Kingambit|0 fnt
|faint|p2a: Kingambit
|
|upkeep
|
|t:|1765750797
|switch|p2a: Great Tusk|Great Tusk|10\/100
|-damage|p2a: Great Tusk|7\/100|[from] Stealth Rock
|turn|7
|inactive|Time left: 150 sec this turn | 150 sec total
|
|t:|1765750802
|switch|p1a: Gholdengo|Gholdengo|315\/315
|-item|p1a: Gholdengo|Air Balloon
|move|p2a: Great Tusk|Headlong Rush|p1a: Gholdengo
|-immune|p1a: Gholdengo
|
|upkeep
|turn|8
|inactive|Time left: 150 sec this turn | 150 sec total
|
|t:|1765750813
|-end|p2a: Great Tusk|Protosynthesis|[silent]
|switch|p2a: Alomomola|Alomomola, M|100\/100
|-damage|p2a: Alomomola|88\/100|[from] Stealth Rock
|move|p1a: Gholdengo|Nasty Plot|p1a: Gholdengo
|-boost|p1a: Gholdengo|spa|2
|
|upkeep
|turn|9
|inactive|Time left: 150 sec this turn | 150 sec total
|
|t:|1765750818
|move|p1a: Gholdengo|Shadow Ball|p2a: Alomomola
|-damage|p2a: Alomomola|44\/100
|-unboost|p2a: Alomomola|spd|1
|move|p2a: Alomomola|Mirror Coat|p1a: Gholdengo
|-damage|p1a: Gholdengo|0 fnt
|-enditem|p1a: Gholdengo|Air Balloon
|faint|p1a: Gholdengo
|
|upkeep
|inactive|Time left: 150 sec this turn | 150 sec total | 5 sec grace
|
|t:|1765750822
|switch|p1a: Serperior|Serperior, M|305\/305
|turn|10
|inactive|Time left: 150 sec this turn | 150 sec total
|
|t:|1765750825
|switch|p2a: Venusaur|Venusaur-Mega, F|100\/100
|-damage|p2a: Venusaur|88\/100|[from] Stealth Rock
|move|p1a: Serperior|Glare|p2a: Venusaur
|-status|p2a: Venusaur|par
|
|upkeep
|turn|11
|inactive|Time left: 150 sec this turn | 150 sec total
|
|t:|1765750829
|switch|p1a: Araquanid|Araquanid, F|340\/340
|cant|p2a: Venusaur|par
|
|upkeep
|turn|12
|inactive|Time left: 150 sec this turn | 150 sec total
|
|t:|1765750833
|switch|p2a: Zapdos|Zapdos|100\/100
|-ability|p2a: Zapdos|Pressure
|move|p1a: Araquanid|Sticky Web|p2a: Zapdos
|-sidestart|p2: Morshreksy|move: Sticky Web
|
|upkeep
|turn|13
|inactive|Time left: 150 sec this turn | 150 sec total
|
|t:|1765750835
|move|p2a: Zapdos|Defog|p1a: Araquanid
|-unboost|p1a: Araquanid|evasion|1
|-sideend|p2: Morshreksy|Stealth Rock|[from] move: Defog|[of] p2a: Zapdos
|-sideend|p2: Morshreksy|Sticky Web|[from] move: Defog|[of] p2a: Zapdos
|move|p1a: Araquanid|Surf|p2a: Zapdos
|-damage|p2a: Zapdos|43\/100
|
|upkeep
|turn|14
|inactive|Time left: 150 sec this turn | 150 sec total
|
|t:|1765750839
|move|p2a: Zapdos|Volt Switch|p1a: Araquanid
|-supereffective|p1a: Araquanid
|-damage|p1a: Araquanid|176\/340
|
|t:|1765750842
|switch|p2a: Alomomola|Alomomola, M|78\/100|[from] Volt Switch
|move|p1a: Araquanid|Surf|p2a: Alomomola
|-resisted|p2a: Alomomola
|-damage|p2a: Alomomola|64\/100
|
|upkeep
|turn|15
|inactive|Time left: 150 sec this turn | 150 sec total
|
|t:|1765750847
|switch|p2a: Zapdos|Zapdos|43\/100
|-ability|p2a: Zapdos|Pressure
|move|p1a: Araquanid|Sticky Web|p2a: Zapdos
|-sidestart|p2: Morshreksy|move: Sticky Web
|
|upkeep
|turn|16
|inactive|Time left: 150 sec this turn | 150 sec total
|
|t:|1765750854
|move|p2a: Zapdos|Defog|p1a: Araquanid
|-unboost|p1a: Araquanid|evasion|1
|-sideend|p2: Morshreksy|Sticky Web|[from] move: Defog|[of] p2a: Zapdos
|move|p1a: Araquanid|Surf|p2a: Zapdos
|-damage|p2a: Zapdos|0 fnt
|faint|p2a: Zapdos
|
|upkeep
|
|t:|1765750861
|switch|p2a: Urshifu|Urshifu-Rapid-Strike, M|100\/100
|turn|17
|inactive|Time left: 150 sec this turn | 150 sec total
|
|t:|1765750873
|-zpower|p2a: Urshifu
|move|p2a: Urshifu|Gigavolt Havoc|p1a: Araquanid|[zeffect]
|-supereffective|p1a: Araquanid
|-damage|p1a: Araquanid|0 fnt
|faint|p1a: Araquanid
|
|upkeep
|inactive|Time left: 145 sec this turn | 145 sec total
|
|t:|1765750885
|switch|p1a: Serperior|Serperior, M|305\/305
|turn|18
|inactive|Time left: 145 sec this turn | 145 sec total
|
|t:|1765750896
|switch|p1a: Arcanine|Arcanine-Hisui, F|331\/331
|switch|p2a: Venusaur|Venusaur-Mega, F|88\/100 par
|
|upkeep
|turn|19
|inactive|Time left: 145 sec this turn | 145 sec total
|
|t:|1765750901
|move|p1a: Arcanine|Head Smash|p2a: Venusaur|[miss]
|-miss|p1a: Arcanine|p2a: Venusaur
|cant|p2a: Venusaur|par
|
|upkeep
|turn|20
|inactive|Time left: 150 sec this turn | 150 sec total
|
|t:|1765750904
|move|p1a: Arcanine|Head Smash|p2a: Venusaur|[miss]
|-miss|p1a: Arcanine|p2a: Venusaur
|cant|p2a: Venusaur|par
|
|upkeep
|turn|21
|inactive|Time left: 150 sec this turn | 150 sec total
|
|t:|1765750906
|move|p1a: Arcanine|Head Smash|p2a: Venusaur
|-damage|p2a: Venusaur|11\/100 par
|cant|p2a: Venusaur|par
|
|upkeep
|turn|22
|inactive|Time left: 150 sec this turn | 150 sec total
|c|☆Morshreksy|nuts
|
|t:|1765750910
|move|p1a: Arcanine|Head Smash|p2a: Venusaur|[miss]
|-miss|p1a: Arcanine|p2a: Venusaur
|cant|p2a: Venusaur|par
|
|upkeep
|turn|23
|inactive|Time left: 150 sec this turn | 150 sec total
|
|t:|1765750912
|move|p1a: Arcanine|Head Smash|p2a: Venusaur
|-damage|p2a: Venusaur|0 fnt
|faint|p2a: Venusaur
|detailschange|p2: Venusaur|Venusaur, F|[silent]
|
|upkeep
|c|☆Morshreksy|nuts
|c|☆Synthetic Aperture|lmao
Opponent no longer ignored.
|
|t:|1765750921
|switch|p2a: Urshifu|Urshifu-Rapid-Strike, M|100\/100
|turn|24
|inactive|Time left: 150 sec this turn | 150 sec total
|
|t:|1765750928
|move|p2a: Urshifu|Swords Dance|p2a: Urshifu
|-boost|p2a: Urshifu|atk|2
|move|p1a: Arcanine|Head Smash|p2a: Urshifu
|-resisted|p2a: Urshifu
|-damage|p2a: Urshifu|42\/100
|
|upkeep
|turn|25
|inactive|Time left: 150 sec this turn | 150 sec total
|
|t:|1765750931
|move|p2a: Urshifu|Close Combat|p1a: Arcanine
|-supereffective|p1a: Arcanine
|-damage|p1a: Arcanine|0 fnt
|-unboost|p2a: Urshifu|def|1
|-unboost|p2a: Urshifu|spd|1
|faint|p1a: Arcanine
|
|upkeep
|inactive|Time left: 150 sec this turn | 150 sec total | 5 sec grace
|
|t:|1765750933
|switch|p1a: Serperior|Serperior, M|305\/305
|turn|26
|inactive|Time left: 150 sec this turn | 150 sec total
|
|t:|1765750939
|move|p1a: Serperior|Substitute|p1a: Serperior
|-start|p1a: Serperior|Substitute
|-damage|p1a: Serperior|229\/305
|move|p2a: Urshifu|Close Combat|p1a: Serperior
|-end|p1a: Serperior|Substitute
|-unboost|p2a: Urshifu|def|1
|-unboost|p2a: Urshifu|spd|1
|
|-heal|p1a: Serperior|248\/305|[from] item: Leftovers
|upkeep
|turn|27
|inactive|Time left: 150 sec this turn | 150 sec total
|
|t:|1765750942
|move|p1a: Serperior|Leaf Storm|p2a: Urshifu
|-supereffective|p2a: Urshifu
|-damage|p2a: Urshifu|0 fnt
|-boost|p1a: Serperior|spa|2
|faint|p2a: Urshifu
|
|-heal|p1a: Serperior|267\/305|[from] item: Leftovers
|upkeep
|
|t:|1765750944
|switch|p2a: Great Tusk|Great Tusk|7\/100
|turn|28
|inactive|Time left: 150 sec this turn | 150 sec total
|
|t:|1765750948
|move|p2a: Great Tusk|Ice Spinner|p1a: Serperior
|-supereffective|p1a: Serperior
|-damage|p1a: Serperior|63\/305
|move|p1a: Serperior|Hidden Power|p2a: Great Tusk
|-damage|p2a: Great Tusk|0 fnt
|faint|p2a: Great Tusk
|-end|p2a: Great Tusk|Protosynthesis|[silent]
|
|-heal|p1a: Serperior|82\/305|[from] item: Leftovers
|upkeep
|
|t:|1765750951
|switch|p2a: Alomomola|Alomomola, M|98\/100
|turn|29
|inactive|Time left: 150 sec this turn | 150 sec total
|
|t:|1765750958
|move|p1a: Serperior|Substitute|p1a: Serperior
|-start|p1a: Serperior|Substitute
|-damage|p1a: Serperior|6\/305
|move|p2a: Alomomola|Mirror Coat||[still]
|-fail|p2a: Alomomola
|
|-heal|p1a: Serperior|25\/305|[from] item: Leftovers
|upkeep
|turn|30
|inactive|Time left: 150 sec this turn | 150 sec total
|-message|Morshreksy forfeited.
|
|win|Synthetic Aperture
|raw|Synthetic Aperture's rating: 1736 &rarr; <strong>1755<\/strong><br \/>(+19 for winning)
|raw|Morshreksy's rating: 1716 &rarr; <strong>1697<\/strong><br \/>(-19 for losing)
|l|☆Morshreksy
|player|p2|</script>
</div>
<div class="battle-log battle-log-inline"><div class="inner"><div class="battle-options"><div style="padding-top: 3px; padding-right: 3px; text-align: right"><button class="icon button" name="openBattleOptions" title="Options">Battle Options</button></div></div><div class="inner message-log"><div class="chat"><small>☆Synthetic Aperture and ☆Morshreksy joined</small></div><div class=""><small>Format:</small> <br><strong>[Gen 9] National Dex</strong></div><div class="rated"><strong>Rated battle</strong></div><div class=""><small><em>HP Percentage Mod:</em> HP is shown in percentages</small></div><div class=""><small><em>Endless Battle Clause:</em> Forcing endless battles is banned</small></div><div class=""><small><em>Species Clause:</em> Limit one of each Pokémon</small></div><div class=""><small><em>OHKO Clause:</em> OHKO moves are banned</small></div><div class=""><small><em>Evasion Clause:</em> Evasion abilities, items, and moves are banned</small></div><div class=""><small><em>Evasion Abilities Clause:</em> Evasion abilities are banned</small></div><div class=""><small><em>Evasion Items Clause:</em> Evasion items are banned</small></div><div class=""><small><em>Evasion Moves Clause:</em> Evasion moves are banned</small></div><div class=""><small><em>Sleep Clause Mod:</em> Limit one foe put to sleep</small></div><div class=""><small><em>Terastal Clause:</em> You cannot Terastallize</small></div><div class="chat battle-history"><strong>Synthetic Aperture's team:</strong> <em style="color:#445566;display:block;">Arcanine-Hisui / Araquanid / Gholdengo / Garchomp / Serperior / Terapagos</em></div><div class="chat battle-history"><strong>Morshreksy's team:</strong> <em style="color:#445566;display:block;">Urshifu-* / Great Tusk / Zapdos / Alomomola / Kingambit / Venusaur</em></div><div class="chat message-error">Battle timer is ON: inactive players will automatically lose when time's up. (requested by Morshreksy)</div><div class="chat message-error">Synthetic Aperture also wants the timer to be on.</div><div class="chat message-error">Morshreksy has 120 seconds left.</div><div class="spacer battle-history"><br></div><div class="battle-history">Battle started between Synthetic Aperture and Morshreksy!<br></div><div class="spacer battle-history"><br></div><div class="battle-history">Go! <strong>Garchomp</strong>!<br></div><div class="spacer battle-history"><br></div><div class="battle-history">Morshreksy sent out <strong>Venusaur</strong>!<br></div><div class="spacer battle-history"><br></div><h2 class="battle-history">Turn 1</h2><div class="spacer battle-history"><br></div><div class="battle-history"><small>The opposing Venusaur-Mega's Venusaurite is reacting to the Key Stone!</small><br>The opposing Venusaur-Mega has Mega Evolved into Mega Venusaur!<br></div><div class="spacer battle-history"><br></div><div class="battle-history">Garchomp used <strong>Swords Dance</strong>!<br></div><div class="battle-history"><small>Garchomp's Attack rose sharply!</small><br></div><div class="spacer battle-history"><br></div><div class="battle-history">The opposing Venusaur-Mega used <strong>Sludge Bomb</strong>!<br></div><div class="battle-history"><small>It's not very effective...</small><br></div><div class="battle-history"><small>(Garchomp lost <abbr title="−73/357">20.4%</abbr> of its health!)</small><br></div><div class="spacer battle-history"><br></div><h2 class="battle-history">Turn 2</h2><div class="spacer battle-history"><br></div><div class="battle-history">Morshreksy withdrew Venusaur!<br></div><div class="battle-history">Morshreksy sent out <strong>Kingambit</strong>!<br></div><div class="battle-history"><small>Garchomp surrounded itself with its Z-Power!</small><br></div><div class="spacer battle-history"><br></div><div class="battle-history"><small>Garchomp unleashes its full-force Z-Move!</small><br>Garchomp used <strong>Devastating Drake</strong>!<br></div><div class="battle-history"><small>It's not very effective...</small><br></div><div class="battle-history"><small>(The opposing Kingambit lost 80% of its health!)</small><br></div><div class="spacer battle-history"><br></div><h2 class="battle-history">Turn 3</h2><div class="spacer battle-history"><br></div><div class="battle-history">The opposing Kingambit used <strong>Sucker Punch</strong>!<br></div><div class="battle-history"><small>But it failed!</small><br></div><div class="spacer battle-history"><br></div><div class="battle-history">Garchomp used <strong>Stealth Rock</strong>!<br></div><div class="battle-history"><small>Pointed stones float in the air around the opposing team!</small><br></div><div class="spacer battle-history"><br></div><h2 class="battle-history">Turn 4</h2><div class="spacer battle-history"><br></div><div class="battle-history">Morshreksy withdrew Kingambit!<br></div><div class="battle-history">Morshreksy sent out <strong>Great Tusk</strong>!<br></div><div class="battle-history"><small>Pointed stones dug into the opposing Great Tusk!</small><br></div><div class="spacer battle-history"><br></div><div class="battle-history">Garchomp used <strong>Earthquake</strong>!<br></div><div class="battle-history"><small>(The opposing Great Tusk lost 76% of its health!)</small><br></div><div class="spacer battle-history"><br></div><h2 class="battle-history">Turn 5</h2><div class="spacer battle-history"><br></div><div class="battle-history">The opposing Great Tusk used <strong>Ice Spinner</strong>!<br></div><div class="battle-history"><small>It's super effective!</small><br></div><div class="battle-history"><small>(Garchomp lost <abbr title="−284/357">79.6%</abbr> of its health!)</small><br></div><div class="battle-history">[Garchomp's Rough Skin]<br><small>The opposing Great Tusk was hurt!</small><br></div><div class="spacer battle-history"><br></div><div class="battle-history">Garchomp fainted!<br></div><div class="spacer battle-history"><br></div><div class="battle-history">Go! <strong>Arcanine-Hisui</strong>!<br></div><div class="spacer battle-history"><br></div><h2 class="battle-history">Turn 6</h2><div class="spacer battle-history"><br></div><div class="battle-history">Morshreksy withdrew Great Tusk!<br></div><div class="battle-history">Morshreksy sent out <strong>Kingambit</strong>!<br></div><div class="battle-history"><small>Pointed stones dug into the opposing Kingambit!</small><br></div><div class="spacer battle-history"><br></div><div class="battle-history">Arcanine-Hisui used <strong>Head Smash</strong>!<br></div><div class="battle-history"><small>It's not very effective...</small><br></div><div class="battle-history"><small>(The opposing Kingambit lost 14% of its health!)</small><br></div><div class="spacer battle-history"><br></div><div class="battle-history">The opposing Kingambit fainted!<br></div><div class="spacer battle-history"><br></div><div class="battle-history">Morshreksy sent out <strong>Great Tusk</strong>!<br></div><div class="battle-history"><small>Pointed stones dug into the opposing Great Tusk!</small><br></div><div class="spacer battle-history"><br></div><h2 class="battle-history">Turn 7</h2><div class="spacer battle-history"><br></div><div class="battle-history">Arcanine, come back!<br></div><div class="battle-history">Go! <strong>Gholdengo</strong>!<br></div><div class="battle-history"><small>Gholdengo floats in the air with its Air Balloon!</small><br></div><div class="spacer battle-history"><br></div><div class="battle-history">The opposing Great Tusk used <strong>Headlong Rush</strong>!<br></div><div class="battle-history"><small>It doesn't affect Gholdengo...</small><br></div><div class="spacer battle-history"><br></div><h2 class="battle-history">Turn 8</h2><div class="spacer battle-history"><br></div><div class="battle-history">Morshreksy withdrew Great Tusk!<br></div><div class="battle-history">Morshreksy sent out <strong>Alomomola</strong>!<br></div><div class="battle-history"><small>Pointed stones dug into the opposing Alomomola!</small><br></div><div class="spacer battle-history"><br></div><div class="battle-history">Gholdengo used <strong>Nasty Plot</strong>!<br></div><div class="battle-history"><small>Gholdengo's Sp. Atk rose sharply!</small><br></div><div class="spacer battle-history"><br></div><h2 class="battle-history">Turn 9</h2><div class="spacer battle-history"><br></div><div class="battle-history">Gholdengo used <strong>Shadow Ball</strong>!<br></div><div class="battle-history"><small>(The opposing Alomomola lost 44% of its health!)</small><br></div><div class="battle-history"><small>The opposing Alomomola's Sp. Def fell!</small><br></div><div class="spacer battle-history"><br></div><div class="battle-history">The opposing Alomomola used <strong>Mirror Coat</strong>!<br></div><div class="battle-history"><small>(Gholdengo lost <abbr title="−315/315">100%</abbr> of its health!)</small><br></div><div class="battle-history"><small>Gholdengo's Air Balloon popped!</small><br></div><div class="spacer battle-history"><br></div><div class="battle-history">Gholdengo fainted!<br></div><div class="spacer battle-history"><br></div><div class="battle-history">Go! <strong>Serperior</strong>!<br></div><div class="spacer battle-history"><br></div><h2 class="battle-history">Turn 10</h2><div class="spacer battle-history"><br></div><div class="battle-history">Morshreksy withdrew Alomomola!<br></div><div class="battle-history">Morshreksy sent out <strong>Venusaur-Mega</strong>!<br></div><div class="battle-history"><small>Pointed stones dug into the opposing Venusaur-Mega!</small><br></div><div class="spacer battle-history"><br></div><div class="battle-history">Serperior used <strong>Glare</strong>!<br></div><div class="battle-history"><small>The opposing Venusaur-Mega is paralyzed! It may be unable to move!</small><br></div><div class="spacer battle-history"><br></div><h2 class="battle-history">Turn 11</h2><div class="spacer battle-history"><br></div><div class="battle-history">Serperior, come back!<br></div><div class="battle-history">Go! <strong>Araquanid</strong>!<br></div><div class="spacer battle-history"><br></div><div class="battle-history">The opposing Venusaur-Mega is paralyzed! It can't move!<br></div><div class="spacer battle-history"><br></div><h2 class="battle-history">Turn 12</h2><div class="spacer battle-history"><br></div><div class="battle-history">Morshreksy withdrew Venusaur!<br></div><div class="battle-history">Morshreksy sent out <strong>Zapdos</strong>!<br></div><div class="battle-history">[The opposing Zapdos's Pressure]<br><small>The opposing Zapdos is exerting its pressure!</small><br></div><div class="spacer battle-history"><br></div><div class="battle-history">Araquanid used <strong>Sticky Web</strong>!<br></div><div class="battle-history"><small>A sticky web has been laid out on the ground around the opposing team!</small><br></div><div class="spacer battle-history"><br></div><h2 class="battle-history">Turn 13</h2><div class="spacer battle-history"><br></div><div class="battle-history">The opposing Zapdos used <strong>Defog</strong>!<br></div><div class="battle-history"><small>Araquanid's evasiveness fell!</small><br></div><div class="battle-history"><small>The pointed stones disappeared from around the opposing team!</small><br></div><div class="battle-history"><small>The sticky web has disappeared from the ground around the opposing team!</small><br></div><div class="spacer battle-history"><br></div><div class="battle-history">Araquanid used <strong>Surf</strong>!<br></div><div class="battle-history"><small>(The opposing Zapdos lost 57% of its health!)</small><br></div><div class="spacer battle-history"><br></div><h2 class="battle-history">Turn 14</h2><div class="spacer battle-history"><br></div><div class="battle-history">The opposing Zapdos used <strong>Volt Switch</strong>!<br></div><div class="battle-history"><small>It's super effective!</small><br></div><div class="battle-history"><small>(Araquanid lost <abbr title="−164/340">48.2%</abbr> of its health!)</small><br></div><div class="spacer battle-history"><br></div><div class="battle-history">The opposing Zapdos went back to Morshreksy!<br></div><div class="battle-history">Morshreksy sent out <strong>Alomomola</strong>!<br></div><div class="spacer battle-history"><br></div><div class="battle-history">Araquanid used <strong>Surf</strong>!<br></div><div class="battle-history"><small>It's not very effective...</small><br></div><div class="battle-history"><small>(The opposing Alomomola lost 14% of its health!)</small><br></div><div class="spacer battle-history"><br></div><h2 class="battle-history">Turn 15</h2><div class="spacer battle-history"><br></div><div class="battle-history">Morshreksy withdrew Alomomola!<br></div><div class="battle-history">Morshreksy sent out <strong>Zapdos</strong>!<br></div><div class="battle-history">[The opposing Zapdos's Pressure]<br><small>The opposing Zapdos is exerting its pressure!</small><br></div><div class="spacer battle-history"><br></div><div class="battle-history">Araquanid used <strong>Sticky Web</strong>!<br></div><div class="battle-history"><small>A sticky web has been laid out on the ground around the opposing team!</small><br></div><div class="spacer battle-history"><br></div><h2 class="battle-history">Turn 16</h2><div class="spacer battle-history"><br></div><div class="battle-history">The opposing Zapdos used <strong>Defog</strong>!<br></div><div class="battle-history"><small>Araquanid's evasiveness fell!</small><br></div><div class="battle-history"><small>The sticky web has disappeared from the ground around the opposing team!</small><br></div><div class="spacer battle-history"><br></div><div class="battle-history">Araquanid used <strong>Surf</strong>!<br></div><div class="battle-history"><small>(The opposing Zapdos lost 43% of its health!)</small><br></div><div class="spacer battle-history"><br></div><div class="battle-history">The opposing Zapdos fainted!<br></div><div class="spacer battle-history"><br></div><div class="battle-history">Morshreksy sent out <strong>Urshifu-Rapid-Strike</strong>!<br></div><div class="spacer battle-history"><br></div><h2 class="battle-history">Turn 17</h2><div class="spacer battle-history"><br></div><div class="battle-history"><small>The opposing Urshifu-Rapid-Strike surrounded itself with its Z-Power!</small><br></div><div class="spacer battle-history"><br></div><div class="battle-history"><small>The opposing Urshifu-Rapid-Strike unleashes its full-force Z-Move!</small><br>The opposing Urshifu-Rapid-Strike used <strong>Gigavolt Havoc</strong>!<br></div><div class="battle-history"><small>It's super effective!</small><br></div><div class="battle-history"><small>(Araquanid lost <abbr title="−176/340">51.8%</abbr> of its health!)</small><br></div><div class="spacer battle-history"><br></div><div class="battle-history">Araquanid fainted!<br></div><div class="spacer battle-history"><br></div><div class="battle-history">Go! <strong>Serperior</strong>!<br></div><div class="spacer battle-history"><br></div><h2 class="battle-history">Turn 18</h2><div class="spacer battle-history"><br></div><div class="battle-history">Serperior, come back!<br></div><div class="battle-history">Go! <strong>Arcanine-Hisui</strong>!<br></div><div class="spacer battle-history"><br></div><div class="battle-history">Morshreksy withdrew Urshifu!<br></div><div class="battle-history">Morshreksy sent out <strong>Venusaur-Mega</strong>!<br></div><div class="spacer battle-history"><br></div><h2 class="battle-history">Turn 19</h2><div class="spacer battle-history"><br></div><div class="battle-history">Arcanine-Hisui used <strong>Head Smash</strong>!<br></div><div class="battle-history"><small>The opposing Venusaur-Mega avoided the attack!</small><br></div><div class="spacer battle-history"><br></div><div class="battle-history">The opposing Venusaur-Mega is paralyzed! It can't move!<br></div><div class="spacer battle-history"><br></div><h2 class="battle-history">Turn 20</h2><div class="spacer battle-history"><br></div><div class="battle-history">Arcanine-Hisui used <strong>Head Smash</strong>!<br></div><div class="battle-history"><small>The opposing Venusaur-Mega avoided the attack!</small><br></div><div class="spacer battle-history"><br></div><div class="battle-history">The opposing Venusaur-Mega is paralyzed! It can't move!<br></div><div class="spacer battle-history"><br></div><h2 class="battle-history">Turn 21</h2><div class="spacer battle-history"><br></div><div class="battle-history">Arcanine-Hisui used <strong>Head Smash</strong>!<br></div><div class="battle-history"><small>(The opposing Venusaur-Mega lost 77% of its health!)</small><br></div><div class="spacer battle-history"><br></div><div class="battle-history">The opposing Venusaur-Mega is paralyzed! It can't move!<br></div><div class="spacer battle-history"><br></div><h2 class="battle-history">Turn 22</h2><div class="chat chatmessage-morshreksy"><strong style="color:#7a7fd6"><span class="username"><small class="groupsymbol">☆</small>Morshreksy</span>:</strong> <em>nuts</em></div><div class="spacer battle-history"><br></div><div class="battle-history">Arcanine-Hisui used <strong>Head Smash</strong>!<br></div><div class="battle-history"><small>The opposing Venusaur-Mega avoided the attack!</small><br></div><div class="spacer battle-history"><br></div><div class="battle-history">The opposing Venusaur-Mega is paralyzed! It can't move!<br></div><div class="spacer battle-history"><br></div><h2 class="battle-history">Turn 23</h2><div class="spacer battle-history"><br></div><div class="battle-history">Arcanine-Hisui used <strong>Head Smash</strong>!<br></div><div class="battle-history"><small>(The opposing Venusaur-Mega lost 11% of its health!)</small><br></div><div class="spacer battle-history"><br></div><div class="battle-history">The opposing Venusaur-Mega fainted!<br></div><div class="chat chatmessage-morshreksy"><strong style="color:#7a7fd6"><span class="username"><small class="groupsymbol">☆</small>Morshreksy</span>:</strong> <em>nuts</em></div><div class="chat chatmessage-syntheticaperture mine"><strong style="color:#3d72b3"><span class="username"><small class="groupsymbol">☆</small>Synthetic Aperture</span>:</strong> <em>lmao</em></div><div class="chat">Opponent no longer ignored.</div><div class="spacer battle-history"><br></div><div class="battle-history">Morshreksy sent out <strong>Urshifu-Rapid-Strike</strong>!<br></div><div class="spacer battle-history"><br></div><h2 class="battle-history">Turn 24</h2><div class="spacer battle-history"><br></div><div class="battle-history">The opposing Urshifu-Rapid-Strike used <strong>Swords Dance</strong>!<br></div><div class="battle-history"><small>The opposing Urshifu-Rapid-Strike's Attack rose sharply!</small><br></div><div class="spacer battle-history"><br></div><div class="battle-history">Arcanine-Hisui used <strong>Head Smash</strong>!<br></div><div class="battle-history"><small>It's not very effective...</small><br></div><div class="battle-history"><small>(The opposing Urshifu-Rapid-Strike lost 58% of its health!)</small><br></div><div class="spacer battle-history"><br></div><h2 class="battle-history">Turn 25</h2><div class="spacer battle-history"><br></div><div class="battle-history">The opposing Urshifu-Rapid-Strike used <strong>Close Combat</strong>!<br></div><div class="battle-history"><small>It's super effective!</small><br></div><div class="battle-history"><small>(Arcanine-Hisui lost <abbr title="−331/331">100%</abbr> of its health!)</small><br></div><div class="battle-history"><small>The opposing Urshifu-Rapid-Strike's Defense fell!</small><br></div><div class="battle-history"><small>The opposing Urshifu-Rapid-Strike's Sp. Def fell!</small><br></div><div class="spacer battle-history"><br></div><div class="battle-history">Arcanine-Hisui fainted!<br></div><div class="spacer battle-history"><br></div><div class="battle-history">Go! <strong>Serperior</strong>!<br></div><div class="spacer battle-history"><br></div><h2 class="battle-history">Turn 26</h2><div class="spacer battle-history"><br></div><div class="battle-history">Serperior used <strong>Substitute</strong>!<br></div><div class="battle-history"><small>Serperior put in a substitute!</small><br></div><div class="battle-history"><small>(Serperior lost <abbr title="−76/305">24.9%</abbr> of its health!)</small><br></div><div class="spacer battle-history"><br></div><div class="battle-history">The opposing Urshifu-Rapid-Strike used <strong>Close Combat</strong>!<br></div><div class="battle-history"><small>Serperior's substitute faded!</small><br></div><div class="battle-history"><small>The opposing Urshifu-Rapid-Strike's Defense fell!</small><br></div><div class="battle-history"><small>The opposing Urshifu-Rapid-Strike's Sp. Def fell!</small><br></div><div class="spacer battle-history"><br></div><div class="battle-history"><small>Serperior restored a little HP using its Leftovers!</small><br></div><div class="spacer battle-history"><br></div><h2 class="battle-history">Turn 27</h2><div class="spacer battle-history"><br></div><div class="battle-history">Serperior used <strong>Leaf Storm</strong>!<br></div><div class="battle-history"><small>It's super effective!</small><br></div><div class="battle-history"><small>(The opposing Urshifu-Rapid-Strike lost 42% of its health!)</small><br></div><div class="battle-history"><small>Serperior's Sp. Atk rose sharply!</small><br></div><div class="spacer battle-history"><br></div><div class="battle-history">The opposing Urshifu-Rapid-Strike fainted!<br></div><div class="spacer battle-history"><br></div><div class="battle-history"><small>Serperior restored a little HP using its Leftovers!</small><br></div><div class="spacer battle-history"><br></div><div class="battle-history">Morshreksy sent out <strong>Great Tusk</strong>!<br></div><div class="spacer battle-history"><br></div><h2 class="battle-history">Turn 28</h2><div class="spacer battle-history"><br></div><div class="battle-history">The opposing Great Tusk used <strong>Ice Spinner</strong>!<br></div><div class="battle-history"><small>It's super effective!</small><br></div><div class="battle-history"><small>(Serperior lost <abbr title="−204/305">66.9%</abbr> of its health!)</small><br></div><div class="spacer battle-history"><br></div><div class="battle-history">Serperior used <strong>Hidden Power</strong>!<br></div><div class="battle-history"><small>(The opposing Great Tusk lost 7% of its health!)</small><br></div><div class="spacer battle-history"><br></div><div class="battle-history">The opposing Great Tusk fainted!<br></div><div class="spacer battle-history"><br></div><div class="battle-history"><small>Serperior restored a little HP using its Leftovers!</small><br></div><div class="spacer battle-history"><br></div><div class="battle-history">Morshreksy sent out <strong>Alomomola</strong>!<br></div><div class="spacer battle-history"><br></div><h2 class="battle-history">Turn 29</h2><div class="spacer battle-history"><br></div><div class="battle-history">Serperior used <strong>Substitute</strong>!<br></div><div class="battle-history"><small>Serperior put in a substitute!</small><br></div><div class="battle-history"><small>(Serperior lost <abbr title="−76/305">24.9%</abbr> of its health!)</small><br></div><div class="spacer battle-history"><br></div><div class="battle-history">The opposing Alomomola used <strong>Mirror Coat</strong>!<br></div><div class="battle-history"><small>But it failed!</small><br></div><div class="spacer battle-history"><br></div><div class="battle-history"><small>Serperior restored a little HP using its Leftovers!</small><br></div><div class="spacer battle-history"><br></div><h2 class="battle-history">Turn 30</h2><div class="spacer battle-history"><br></div><div class="battle-history"><small>Morshreksy forfeited.</small><br></div><div class="spacer battle-history"><br></div><div class="battle-history"><strong>Synthetic Aperture</strong> won the battle!<br></div><div class="chat">Synthetic Aperture's rating: 1736 → <strong>1755</strong><br>(+19 for winning)</div><div class="chat">Morshreksy's rating: 1716 → <strong>1697</strong><br>(-19 for losing)</div><div class="chat"><small>☆Morshreksy left</small></div></div><div class="inner-preempt message-log"></div></div></div>
</div>
<script>
let daily = Math.floor(Date.now()/1000/60/60/24);document.write('<script src="https://play.pokemonshowdown.com/js/replay-embed.js?version'+daily+'"></'+'script>');
</script>
