<!DOCTYPE html>
<meta charset="utf-8" />
<!-- version 1 -->
<title>[Gen 9] National Dex replay: bange vs. Synthetic Aperture</title>
<style>
html,body {font-family:Verdana, sans-serif;font-size:10pt;margin:0;padding:0;}body{padding:12px 0;} .battle-log {font-family:Verdana, sans-serif;font-size:10pt;} .battle-log-inline {border:1px solid #AAAAAA;background:#EEF2F5;color:black;max-width:640px;margin:0 auto 80px;padding-bottom:5px;} .battle-log .inner {padding:4px 8px 0px 8px;} .battle-log .inner-preempt {padding:0 8px 4px 8px;} .battle-log .inner-after {margin-top:0.5em;} .battle-log h2 {margin:0.5em -8px;padding:4px 8px;border:1px solid #AAAAAA;background:#E0E7EA;border-left:0;border-right:0;font-family:Verdana, sans-serif;font-size:13pt;} .battle-log .chat {vertical-align:middle;padding:3px 0 3px 0;font-size:8pt;} .battle-log .chat strong {color:#40576A;} .battle-log .chat em {padding:1px 4px 1px 3px;color:#000000;font-style:normal;} .chat.mine {background:rgba(0,0,0,0.05);margin-left:-8px;margin-right:-8px;padding-left:8px;padding-right:8px;} .spoiler {color:#BBBBBB;background:#BBBBBB;padding:0px 3px;} .spoiler:hover, .spoiler:active, .spoiler-shown {color:#000000;background:#E2E2E2;padding:0px 3px;} .spoiler a {color:#BBBBBB;} .spoiler:hover a, .spoiler:active a, .spoiler-shown a {color:#2288CC;} .chat code, .chat .spoiler:hover code, .chat .spoiler:active code, .chat .spoiler-shown code {border:1px solid #C0C0C0;background:#EEEEEE;color:black;padding:0 2px;} .chat .spoiler code {border:1px solid #CCCCCC;background:#CCCCCC;color:#CCCCCC;} .battle-log .rated {padding:3px 4px;} .battle-log .rated strong {color:white;background:#89A;padding:1px 4px;border-radius:4px;} .spacer {margin-top:0.5em;} .message-announce {background:#6688AA;color:white;padding:1px 4px 2px;} .message-announce a, .broadcast-green a, .broadcast-blue a, .broadcast-red a {color:#DDEEFF;} .broadcast-green {background-color:#559955;color:white;padding:2px 4px;} .broadcast-blue {background-color:#6688AA;color:white;padding:2px 4px;} .infobox {border:1px solid #6688AA;padding:2px 4px;} .infobox-limited {max-height:200px;overflow:auto;overflow-x:hidden;} .broadcast-red {background-color:#AA5544;color:white;padding:2px 4px;} .message-learn-canlearn {font-weight:bold;color:#228822;text-decoration:underline;} .message-learn-cannotlearn {font-weight:bold;color:#CC2222;text-decoration:underline;} .message-effect-weak {font-weight:bold;color:#CC2222;} .message-effect-resist {font-weight:bold;color:#6688AA;} .message-effect-immune {font-weight:bold;color:#666666;} .message-learn-list {margin-top:0;margin-bottom:0;} .message-throttle-notice, .message-error {color:#992222;} .message-overflow, .chat small.message-overflow {font-size:0pt;} .message-overflow::before {font-size:9pt;content:'...';} .subtle {color:#3A4A66;}
</style>
<div class="wrapper replay-wrapper" style="max-width:1180px;margin:0 auto">
<input type="hidden" name="replayid" value="gen9nationaldex-2499753090-mr86a5s0v6idmm41uwge0rishd0mclvpw" />
<div class="battle"></div><div class="battle-log"></div><div class="replay-controls"></div><div class="replay-controls-2"></div>
<h1 style="font-weight:normal;text-align:center"><strong>[Gen 9] National Dex</strong><br /><a href="http://pokemonshowdown.com/users/bange" class="subtle" target="_blank">bange</a> vs. <a href="http://pokemonshowdown.com/users/syntheticaperture" class="subtle" target="_blank">Synthetic Aperture</a></h1>
<script type="text/plain" class="battle-log-data">|j|☆bange
|j|☆Synthetic Aperture

|t:|1765751078
|gametype|singles
|player|p1|bange|ramos|1668
|player|p2|Synthetic Aperture|gentleman-gen4|1755
|gen|9
|tier|[Gen 9] National Dex
|rated|
|rule|HP Percentage Mod: HP is shown in percentages
|rule|Endless Battle Clause: Forcing endless battles is banned
|rule|Species Clause: Limit one of each Pokémon
|rule|OHKO Clause: OHKO moves are banned
|rule|Evasion Clause: Evasion abilities, items, and moves are banned
|rule|Evasion Abilities Clause: Evasion abilities are banned
|rule|Evasion Items Clause: Evasion items are banned
|rule|Evasion Moves Clause: Evasion moves are banned
|rule|Sleep Clause Mod: Limit one foe put to sleep
|rule|Terastal Clause: You cannot Terastallize
|clearpoke
|poke|p1|Gholdengo|
|poke|p1|Dragonite, F|
|poke|p1|Thundurus-Therian, M|
|poke|p1|Ting-Lu|
|poke|p1|Ribombee, F|
|poke|p1|Glimmora, F|
|poke|p2|Arcanine-Hisui, F|
|poke|p2|Araquanid, M|
|poke|p2|Gholdengo|
|poke|p2|Garchomp, M|
|poke|p2|Serperior, F|
|poke|p2|Terapagos, M|
|teampreview
|inactive|Battle timer is ON: inactive players will automatically lose when time's up. (requested by Synthetic Aperture)
|inactive|Time left: 150 sec this turn | 150 sec total | 60 sec grace
Opponent no longer ignored.
|inactive|bange has 120 seconds left.
|
|t:|1765751121
|teamsize|p1|6
|teamsize|p2|6
|start
|switch|p1a: Ribombee|Ribombee, F, shiny|100\/100
|switch|p2a: Araquanid|Araquanid, M|340\/340
|turn|1
|inactive|Time left: 150 sec this turn | 150 sec total
|
|t:|1765751134
|move|p1a: Ribombee|Switcheroo|p2a: Araquanid
|-activate|p1a: Ribombee|move: Trick|[of] p2a: Araquanid
|-item|p2a: Araquanid|Choice Scarf|[from] move: Switcheroo
|-item|p1a: Ribombee|Custap Berry|[from] move: Switcheroo
|move|p2a: Araquanid|Surf|p1a: Ribombee
|-damage|p1a: Ribombee|10\/100
|
|upkeep
|turn|2
|inactive|Time left: 150 sec this turn | 150 sec total
|-enditem|p1a: Ribombee|Custap Berry|[eat]
|-activate|p1a: Ribombee|item: Custap Berry|[consumed]
|
|t:|1765751147
|switch|p2a: Terapagos|Terapagos, M|321\/321
|-activate|p2a: Terapagos|ability: Tera Shift
|detailschange|p2a: Terapagos|Terapagos-Terastal, M
|-heal|p2a: Terapagos|331\/331|[silent]
|move|p1a: Ribombee|Sticky Web|p2a: Terapagos
|-sidestart|p2: Synthetic Aperture|move: Sticky Web
|
|upkeep
|turn|3
|inactive|Time left: 150 sec this turn | 150 sec total
|
|t:|1765751154
|switch|p1a: Gholdengo|Gholdengo|100\/100
|-item|p1a: Gholdengo|Air Balloon
|move|p2a: Terapagos|Calm Mind|p2a: Terapagos
|-boost|p2a: Terapagos|spa|1
|-boost|p2a: Terapagos|spd|1
|
|upkeep
|turn|4
|inactive|Time left: 150 sec this turn | 150 sec total
|
|t:|1765751164
|switch|p1a: Ting-Lu|Ting-Lu|100\/100
|-ability|p1a: Ting-Lu|Vessel of Ruin
|move|p2a: Terapagos|Flamethrower|p1a: Ting-Lu
|-damage|p1a: Ting-Lu|84\/100
|
|-heal|p1a: Ting-Lu|90\/100|[from] item: Leftovers
|upkeep
|turn|5
|inactive|Time left: 150 sec this turn | 150 sec total
|
|t:|1765751186
|move|p1a: Ting-Lu|Protect|p1a: Ting-Lu
|-singleturn|p1a: Ting-Lu|Protect
|move|p2a: Terapagos|Tera Starstorm|p1a: Ting-Lu
|-activate|p1a: Ting-Lu|move: Protect
|
|-heal|p1a: Ting-Lu|97\/100|[from] item: Leftovers
|upkeep
|turn|6
|inactive|Time left: 150 sec this turn | 150 sec total
|
|t:|1765751191
|move|p2a: Terapagos|Tera Starstorm|p1a: Ting-Lu
|-damage|p1a: Ting-Lu|62\/100
|move|p1a: Ting-Lu|Earthquake|p2a: Terapagos
|-activate|p2a: Terapagos|ability: Tera Shell
|-resisted|p2a: Terapagos
|-damage|p2a: Terapagos|268\/331
|
|-heal|p1a: Ting-Lu|68\/100|[from] item: Leftovers
|upkeep
|turn|7
|inactive|Time left: 150 sec this turn | 150 sec total
|
|t:|1765751198
|move|p2a: Terapagos|Tera Starstorm|p1a: Ting-Lu
|-damage|p1a: Ting-Lu|31\/100
|move|p1a: Ting-Lu|Whirlwind|p2a: Terapagos
|drag|p2a: Serperior|Serperior, F|305\/305
|-activate|p2a: Serperior|move: Sticky Web
|-boost|p2a: Serperior|spe|1
|
|-heal|p1a: Ting-Lu|38\/100|[from] item: Leftovers
|upkeep
|turn|8
|inactive|Time left: 150 sec this turn | 150 sec total
|
|t:|1765751203
|move|p1a: Ting-Lu|Protect|p1a: Ting-Lu
|-singleturn|p1a: Ting-Lu|Protect
|move|p2a: Serperior|Leaf Storm|p1a: Ting-Lu
|-activate|p1a: Ting-Lu|move: Protect
|
|-heal|p1a: Ting-Lu|44\/100|[from] item: Leftovers
|upkeep
|turn|9
|inactive|Time left: 150 sec this turn | 150 sec total
|
|t:|1765751205
|switch|p1a: Dragonite|Dragonite, F|100\/100
|move|p2a: Serperior|Leaf Storm|p1a: Dragonite
|-resisted|p1a: Dragonite
|-damage|p1a: Dragonite|96\/100
|-boost|p2a: Serperior|spa|2
|
|upkeep
|turn|10
|inactive|Time left: 150 sec this turn | 150 sec total
|
|t:|1765751210
|move|p2a: Serperior|Glare|p1a: Dragonite
|-status|p1a: Dragonite|par
|move|p1a: Dragonite|Dragon Tail|p2a: Serperior
|-damage|p2a: Serperior|209\/305
|drag|p2a: Terapagos|Terapagos-Terastal, M|268\/331
|
|upkeep
|turn|11
|inactive|Time left: 150 sec this turn | 150 sec total
|
|t:|1765751215
|switch|p1a: Gholdengo|Gholdengo|100\/100
|-item|p1a: Gholdengo|Air Balloon
|move|p2a: Terapagos|Tera Starstorm|p1a: Gholdengo
|-immune|p1a: Gholdengo
|
|upkeep
|turn|12
|inactive|Time left: 150 sec this turn | 150 sec total
|
|t:|1765751219
|move|p2a: Terapagos|Flamethrower|p1a: Gholdengo
|-supereffective|p1a: Gholdengo
|-damage|p1a: Gholdengo|47\/100
|-enditem|p1a: Gholdengo|Air Balloon
|move|p1a: Gholdengo|Nasty Plot|p1a: Gholdengo
|-boost|p1a: Gholdengo|spa|2
|
|upkeep
|turn|13
|inactive|Time left: 150 sec this turn | 150 sec total
|
|t:|1765751227
|switch|p1a: Glimmora|Glimmora, F|100\/100
|move|p2a: Terapagos|Flamethrower|p1a: Glimmora
|-resisted|p1a: Glimmora
|-damage|p1a: Glimmora|86\/100
|
|-heal|p1a: Glimmora|93\/100|[from] item: Black Sludge
|upkeep
|turn|14
|inactive|Time left: 150 sec this turn | 150 sec total
|
|t:|1765751233
|switch|p2a: Garchomp|Garchomp, M|357\/357
|-activate|p2a: Garchomp|move: Sticky Web
|-unboost|p2a: Garchomp|spe|1
|move|p1a: Glimmora|Toxic|p2a: Garchomp
|-status|p2a: Garchomp|tox
|
|-heal|p1a: Glimmora|99\/100|[from] item: Black Sludge
|-damage|p2a: Garchomp|335\/357 tox|[from] psn
|upkeep
|turn|15
|inactive|Time left: 150 sec this turn | 150 sec total
|
|t:|1765751239
|switch|p1a: Ribombee|Ribombee, F, shiny|10\/100
|move|p2a: Garchomp|Earthquake|p1a: Ribombee
|-resisted|p1a: Ribombee
|-damage|p1a: Ribombee|0 fnt
|faint|p1a: Ribombee
|
|-damage|p2a: Garchomp|291\/357 tox|[from] psn
|upkeep
|
|t:|1765751241
|switch|p1a: Thundurus|Thundurus-Therian, M|100\/100
|turn|16
|inactive|Time left: 150 sec this turn | 150 sec total
|
|t:|1765751254
|switch|p2a: Araquanid|Araquanid, M|340\/340
|-activate|p2a: Araquanid|move: Sticky Web
|-unboost|p2a: Araquanid|spe|1
|move|p1a: Thundurus|Hidden Power|p2a: Araquanid
|-resisted|p2a: Araquanid
|-damage|p2a: Araquanid|308\/340
|
|upkeep
|turn|17
|inactive|Time left: 150 sec this turn | 150 sec total
|
|t:|1765751265
|move|p1a: Thundurus|Nasty Plot|p1a: Thundurus
|-boost|p1a: Thundurus|spa|2
|move|p2a: Araquanid|Sticky Web|p1a: Thundurus
|-sidestart|p1: bange|move: Sticky Web
|
|upkeep
|turn|18
|inactive|Time left: 150 sec this turn | 150 sec total
|
|t:|1765751274
|switch|p2a: Garchomp|Garchomp, M|291\/357 tox
|-activate|p2a: Garchomp|move: Sticky Web
|-unboost|p2a: Garchomp|spe|1
|move|p1a: Thundurus|Nasty Plot|p1a: Thundurus
|-boost|p1a: Thundurus|spa|2
|
|-damage|p2a: Garchomp|269\/357 tox|[from] psn
|upkeep
|turn|19
|inactive|Time left: 150 sec this turn | 150 sec total
|
|t:|1765751281
|move|p1a: Thundurus|Hidden Power|p2a: Garchomp
|-supereffective|p2a: Garchomp
|-damage|p2a: Garchomp|0 fnt
|faint|p2a: Garchomp
|
|upkeep
|inactive|Time left: 150 sec this turn | 150 sec total
|c|☆Synthetic Aperture|jesus i am a fucking idiot
|inactive|Synthetic Aperture has 120 seconds left.
|c|☆Synthetic Aperture|why does my nut sized brain not work
|
|t:|1765751320
|switch|p2a: Arcanine|Arcanine-Hisui, F|331\/331
|-activate|p2a: Arcanine|move: Sticky Web
|-unboost|p2a: Arcanine|spe|1
|turn|20
|inactive|Time left: 125 sec this turn | 125 sec total
|
|t:|1765751324
|move|p2a: Arcanine|Extreme Speed|p1a: Thundurus
|-crit|p1a: Thundurus
|-damage|p1a: Thundurus|2\/100
|move|p1a: Thundurus|Thunderbolt|p2a: Arcanine
|-damage|p2a: Arcanine|0 fnt
|faint|p2a: Arcanine
|
|upkeep
|inactive|Time left: 130 sec this turn | 130 sec total
|
|t:|1765751327
|switch|p2a: Serperior|Serperior, F|209\/305
|-activate|p2a: Serperior|move: Sticky Web
|-boost|p2a: Serperior|spe|1
|turn|21
|inactive|Time left: 140 sec this turn | 140 sec total
|
|t:|1765751333
|switch|p1a: Dragonite|Dragonite, F|96\/100 par
|move|p2a: Serperior|Leaf Storm|p1a: Dragonite
|-resisted|p1a: Dragonite
|-damage|p1a: Dragonite|87\/100 par
|-boost|p2a: Serperior|spa|2
|
|-heal|p2a: Serperior|228\/305|[from] item: Leftovers
|upkeep
|turn|22
|inactive|Time left: 150 sec this turn | 150 sec total
|
|t:|1765751345
|switch|p2a: Terapagos|Terapagos-Terastal, M|268\/331
|move|p1a: Dragonite|Dragon Tail|p2a: Terapagos
|-damage|p2a: Terapagos|186\/331
|drag|p2a: Gholdengo|Gholdengo|315\/315
|-item|p2a: Gholdengo|Air Balloon
|
|upkeep
|turn|23
|inactive|Time left: 150 sec this turn | 150 sec total
|
|t:|1765751356
|move|p2a: Gholdengo|Shadow Ball|p1a: Dragonite
|-damage|p1a: Dragonite|48\/100 par
|cant|p1a: Dragonite|par
|
|upkeep
|turn|24
|inactive|Time left: 150 sec this turn | 150 sec total
|
|t:|1765751363
|move|p2a: Gholdengo|Make It Rain|p1a: Dragonite
|-damage|p1a: Dragonite|0 fnt
|-unboost|p2a: Gholdengo|spa|1
|faint|p1a: Dragonite
|
|upkeep
|
|t:|1765751374
|switch|p1a: Ting-Lu|Ting-Lu|44\/100
|-activate|p1a: Ting-Lu|move: Sticky Web
|-unboost|p1a: Ting-Lu|spe|1
|-ability|p1a: Ting-Lu|Vessel of Ruin
|turn|25
|inactive|Time left: 150 sec this turn | 150 sec total
|
|t:|1765751390
|switch|p1a: Thundurus|Thundurus-Therian, M|2\/100
|move|p2a: Gholdengo|Nasty Plot|p2a: Gholdengo
|-boost|p2a: Gholdengo|spa|2
|
|upkeep
|turn|26
|inactive|Time left: 150 sec this turn | 150 sec total
|
|t:|1765751393
|move|p1a: Thundurus|Thunderbolt|p2a: Gholdengo
|-damage|p2a: Gholdengo|126\/315
|-enditem|p2a: Gholdengo|Air Balloon
|move|p2a: Gholdengo|Shadow Ball|p1a: Thundurus
|-damage|p1a: Thundurus|0 fnt
|faint|p1a: Thundurus
|
|upkeep
|
|t:|1765751397
|switch|p1a: Ting-Lu|Ting-Lu|44\/100
|-activate|p1a: Ting-Lu|move: Sticky Web
|-unboost|p1a: Ting-Lu|spe|1
|-ability|p1a: Ting-Lu|Vessel of Ruin
|turn|27
|inactive|Time left: 150 sec this turn | 150 sec total
|
|t:|1765751399
|move|p2a: Gholdengo|Focus Blast|p1a: Ting-Lu
|-supereffective|p1a: Ting-Lu
|-damage|p1a: Ting-Lu|0 fnt
|faint|p1a: Ting-Lu
|
|upkeep
|
|t:|1765751404
|switch|p1a: Glimmora|Glimmora, F|99\/100
|-activate|p1a: Glimmora|move: Sticky Web
|-unboost|p1a: Glimmora|spe|1
|turn|28
|inactive|Time left: 150 sec this turn | 150 sec total
|c|☆Synthetic Aperture|i'm sorry, this is my second robbery of the day
|
|t:|1765751412
|move|p2a: Gholdengo|Make It Rain|p1a: Glimmora
|-supereffective|p1a: Glimmora
|-damage|p1a: Glimmora|0 fnt
|-unboost|p2a: Gholdengo|spa|1
|faint|p1a: Glimmora
|
|upkeep
|
|t:|1765751414
|switch|p1a: Gholdengo|Gholdengo|47\/100
|-activate|p1a: Gholdengo|move: Sticky Web
|-unboost|p1a: Gholdengo|spe|1
|turn|29
|inactive|Time left: 150 sec this turn | 150 sec total
|
|t:|1765751418
|move|p2a: Gholdengo|Shadow Ball|p1a: Gholdengo
|-supereffective|p1a: Gholdengo
|-damage|p1a: Gholdengo|0 fnt
|faint|p1a: Gholdengo
|
|win|Synthetic Aperture
|raw|bange's rating: 1668 &rarr; <strong>1653<\/strong><br \/>(-15 for losing)
|raw|Synthetic Aperture's rating: 1755 &rarr; <strong>1770<\/strong><br \/>(+15 for winning)
|l|☆bange</script>
</div>
<div class="battle-log battle-log-inline"><div class="inner"><div class="battle-options"><div style="padding-top: 3px; padding-right: 3px; text-align: right"><button class="icon button" name="openBattleOptions" title="Options">Battle Options</button></div></div><div class="inner message-log"><div class="chat"><small>☆bange and ☆Synthetic Aperture joined</small></div><div class=""><small>Format:</small> <br><strong>[Gen 9] National Dex</strong></div><div class="rated"><strong>Rated battle</strong></div><div class=""><small><em>HP Percentage Mod:</em> HP is shown in percentages</small></div><div class=""><small><em>Endless Battle Clause:</em> Forcing endless battles is banned</small></div><div class=""><small><em>Species Clause:</em> Limit one of each Pokémon</small></div><div class=""><small><em>OHKO Clause:</em> OHKO moves are banned</small></div><div class=""><small><em>Evasion Clause:</em> Evasion abilities, items, and moves are banned</small></div><div class=""><small><em>Evasion Abilities Clause:</em> Evasion abilities are banned</small></div><div class=""><small><em>Evasion Items Clause:</em> Evasion items are banned</small></div><div class=""><small><em>Evasion Moves Clause:</em> Evasion moves are banned</small></div><div class=""><small><em>Sleep Clause Mod:</em> Limit one foe put to sleep</small></div><div class=""><small><em>Terastal Clause:</em> You cannot Terastallize</small></div><div class="chat battle-history"><strong>bange's team:</strong> <em style="color:#445566;display:block;">Gholdengo / Dragonite / Thundurus-Therian / Ting-Lu / Ribombee / Glimmora</em></div><div class="chat battle-history"><strong>Synthetic Aperture's team:</strong> <em style="color:#445566;display:block;">Arcanine-Hisui / Araquanid / Gholdengo / Garchomp / Serperior / Terapagos</em></div><div class="chat message-error">Battle timer is ON: inactive players will automatically lose when time's up. (requested by Synthetic Aperture)</div><div class="chat">Opponent no longer ignored.</div><div class="chat message-error">bange has 120 seconds left.</div><div class="spacer battle-history"><br></div><div class="battle-history">Battle started between bange and Synthetic Aperture!<br></div><div class="spacer battle-history"><br></div><div class="battle-history">bange sent out <strong>Ribombee</strong>!<br></div><div class="spacer battle-history"><br></div><div class="battle-history">Go! <strong>Araquanid</strong>!<br></div><div class="spacer battle-history"><br></div><h2 class="battle-history">Turn 1</h2><div class="spacer battle-history"><br></div><div class="battle-history">The opposing Ribombee used <strong>Switcheroo</strong>!<br></div><div class="battle-history"><small>The opposing Ribombee switched items with its target!</small><br></div><div class="battle-history"><small>Araquanid obtained one Choice Scarf.</small><br></div><div class="battle-history"><small>The opposing Ribombee obtained one Custap Berry.</small><br></div><div class="spacer battle-history"><br></div><div class="battle-history">Araquanid used <strong>Surf</strong>!<br></div><div class="battle-history"><small>(The opposing Ribombee lost 90% of its health!)</small><br></div><div class="spacer battle-history"><br></div><h2 class="battle-history">Turn 2</h2><div class="spacer battle-history"><br></div><div class="battle-history"><small>(The opposing Ribombee ate its Custap Berry!)</small><br></div><div class="battle-history"><small>The opposing Ribombee can act faster than normal, thanks to its Custap Berry!</small><br></div><div class="spacer battle-history"><br></div><div class="battle-history">Araquanid, come back!<br></div><div class="battle-history">Go! <strong>Terapagos</strong>!<br></div><div class="battle-history">[Terapagos's Tera Shift]<br></div><div class="battle-history">Terapagos-Terastal transformed!<br></div><div class="spacer battle-history"><br></div><div class="battle-history">The opposing Ribombee used <strong>Sticky Web</strong>!<br></div><div class="battle-history"><small>A sticky web has been laid out on the ground around your team!</small><br></div><div class="spacer battle-history"><br></div><h2 class="battle-history">Turn 3</h2><div class="spacer battle-history"><br></div><div class="battle-history">bange withdrew Ribombee!<br></div><div class="battle-history">bange sent out <strong>Gholdengo</strong>!<br></div><div class="battle-history"><small>The opposing Gholdengo floats in the air with its Air Balloon!</small><br></div><div class="spacer battle-history"><br></div><div class="battle-history">Terapagos-Terastal used <strong>Calm Mind</strong>!<br></div><div class="battle-history"><small>Terapagos-Terastal's Sp. Atk rose!</small><br></div><div class="battle-history"><small>Terapagos-Terastal's Sp. Def rose!</small><br></div><div class="spacer battle-history"><br></div><h2 class="battle-history">Turn 4</h2><div class="spacer battle-history"><br></div><div class="battle-history">bange withdrew Gholdengo!<br></div><div class="battle-history">bange sent out <strong>Ting-Lu</strong>!<br></div><div class="battle-history">[The opposing Ting-Lu's Vessel of Ruin]<br><small>The opposing Ting-Lu's Vessel of Ruin weakened the Sp. Atk of all surrounding Pokémon!</small><br></div><div class="spacer battle-history"><br></div><div class="battle-history">Terapagos-Terastal used <strong>Flamethrower</strong>!<br></div><div class="battle-history"><small>(The opposing Ting-Lu lost 16% of its health!)</small><br></div><div class="spacer battle-history"><br></div><div class="battle-history"><small>The opposing Ting-Lu restored a little HP using its Leftovers!</small><br></div><div class="spacer battle-history"><br></div><h2 class="battle-history">Turn 5</h2><div class="spacer battle-history"><br></div><div class="battle-history">The opposing Ting-Lu used <strong>Protect</strong>!<br></div><div class="battle-history"><small>The opposing Ting-Lu protected itself!</small><br></div><div class="spacer battle-history"><br></div><div class="battle-history">Terapagos-Terastal used <strong>Tera Starstorm</strong>!<br></div><div class="battle-history"><small>The opposing Ting-Lu protected itself!</small><br></div><div class="spacer battle-history"><br></div><div class="battle-history"><small>The opposing Ting-Lu restored a little HP using its Leftovers!</small><br></div><div class="spacer battle-history"><br></div><h2 class="battle-history">Turn 6</h2><div class="spacer battle-history"><br></div><div class="battle-history">Terapagos-Terastal used <strong>Tera Starstorm</strong>!<br></div><div class="battle-history"><small>(The opposing Ting-Lu lost 35% of its health!)</small><br></div><div class="spacer battle-history"><br></div><div class="battle-history">The opposing Ting-Lu used <strong>Earthquake</strong>!<br></div><div class="battle-history">[Terapagos-Terastal's Tera Shell]<br><small>Terapagos-Terastal made its shell gleam! It's distorting type matchups!</small><br></div><div class="battle-history"><small>It's not very effective...</small><br></div><div class="battle-history"><small>(Terapagos-Terastal lost <abbr title="−63/331">19.0%</abbr> of its health!)</small><br></div><div class="spacer battle-history"><br></div><div class="battle-history"><small>The opposing Ting-Lu restored a little HP using its Leftovers!</small><br></div><div class="spacer battle-history"><br></div><h2 class="battle-history">Turn 7</h2><div class="spacer battle-history"><br></div><div class="battle-history">Terapagos-Terastal used <strong>Tera Starstorm</strong>!<br></div><div class="battle-history"><small>(The opposing Ting-Lu lost 37% of its health!)</small><br></div><div class="spacer battle-history"><br></div><div class="battle-history">The opposing Ting-Lu used <strong>Whirlwind</strong>!<br></div><div class="spacer battle-history"><br></div><div class="battle-history"><strong>Serperior</strong> was dragged out!<br></div><div class="battle-history"><small>Serperior was caught in a sticky web!</small><br></div><div class="battle-history"><small>Serperior's Speed rose!</small><br></div><div class="spacer battle-history"><br></div><div class="battle-history"><small>The opposing Ting-Lu restored a little HP using its Leftovers!</small><br></div><div class="spacer battle-history"><br></div><h2 class="battle-history">Turn 8</h2><div class="spacer battle-history"><br></div><div class="battle-history">The opposing Ting-Lu used <strong>Protect</strong>!<br></div><div class="battle-history"><small>The opposing Ting-Lu protected itself!</small><br></div><div class="spacer battle-history"><br></div><div class="battle-history">Serperior used <strong>Leaf Storm</strong>!<br></div><div class="battle-history"><small>The opposing Ting-Lu protected itself!</small><br></div><div class="spacer battle-history"><br></div><div class="battle-history"><small>The opposing Ting-Lu restored a little HP using its Leftovers!</small><br></div><div class="spacer battle-history"><br></div><h2 class="battle-history">Turn 9</h2><div class="spacer battle-history"><br></div><div class="battle-history">bange withdrew Ting-Lu!<br></div><div class="battle-history">bange sent out <strong>Dragonite</strong>!<br></div><div class="spacer battle-history"><br></div><div class="battle-history">Serperior used <strong>Leaf Storm</strong>!<br></div><div class="battle-history"><small>It's not very effective...</small><br></div><div class="battle-history"><small>(The opposing Dragonite lost 4% of its health!)</small><br></div><div class="battle-history"><small>Serperior's Sp. Atk rose sharply!</small><br></div><div class="spacer battle-history"><br></div><h2 class="battle-history">Turn 10</h2><div class="spacer battle-history"><br></div><div class="battle-history">Serperior used <strong>Glare</strong>!<br></div><div class="battle-history"><small>The opposing Dragonite is paralyzed! It may be unable to move!</small><br></div><div class="spacer battle-history"><br></div><div class="battle-history">The opposing Dragonite used <strong>Dragon Tail</strong>!<br></div><div class="battle-history"><small>(Serperior lost <abbr title="−96/305">31.5%</abbr> of its health!)</small><br></div><div class="spacer battle-history"><br></div><div class="battle-history"><strong>Terapagos-Terastal</strong> was dragged out!<br></div><div class="spacer battle-history"><br></div><h2 class="battle-history">Turn 11</h2><div class="spacer battle-history"><br></div><div class="battle-history">bange withdrew Dragonite!<br></div><div class="battle-history">bange sent out <strong>Gholdengo</strong>!<br></div><div class="battle-history"><small>The opposing Gholdengo floats in the air with its Air Balloon!</small><br></div><div class="spacer battle-history"><br></div><div class="battle-history">Terapagos-Terastal used <strong>Tera Starstorm</strong>!<br></div><div class="battle-history"><small>It doesn't affect the opposing Gholdengo...</small><br></div><div class="spacer battle-history"><br></div><h2 class="battle-history">Turn 12</h2><div class="spacer battle-history"><br></div><div class="battle-history">Terapagos-Terastal used <strong>Flamethrower</strong>!<br></div><div class="battle-history"><small>It's super effective!</small><br></div><div class="battle-history"><small>(The opposing Gholdengo lost 53% of its health!)</small><br></div><div class="battle-history"><small>The opposing Gholdengo's Air Balloon popped!</small><br></div><div class="spacer battle-history"><br></div><div class="battle-history">The opposing Gholdengo used <strong>Nasty Plot</strong>!<br></div><div class="battle-history"><small>The opposing Gholdengo's Sp. Atk rose sharply!</small><br></div><div class="spacer battle-history"><br></div><h2 class="battle-history">Turn 13</h2><div class="spacer battle-history"><br></div><div class="battle-history">bange withdrew Gholdengo!<br></div><div class="battle-history">bange sent out <strong>Glimmora</strong>!<br></div><div class="spacer battle-history"><br></div><div class="battle-history">Terapagos-Terastal used <strong>Flamethrower</strong>!<br></div><div class="battle-history"><small>It's not very effective...</small><br></div><div class="battle-history"><small>(The opposing Glimmora lost 14% of its health!)</small><br></div><div class="spacer battle-history"><br></div><div class="battle-history"><small>The opposing Glimmora restored a little HP using its Black Sludge!</small><br></div><div class="spacer battle-history"><br></div><h2 class="battle-history">Turn 14</h2><div class="spacer battle-history"><br></div><div class="battle-history">Terapagos, come back!<br></div><div class="battle-history">Go! <strong>Garchomp</strong>!<br></div><div class="battle-history"><small>Garchomp was caught in a sticky web!</small><br></div><div class="battle-history"><small>Garchomp's Speed fell!</small><br></div><div class="spacer battle-history"><br></div><div class="battle-history">The opposing Glimmora used <strong>Toxic</strong>!<br></div><div class="battle-history"><small>Garchomp was badly poisoned!</small><br></div><div class="spacer battle-history"><br></div><div class="battle-history"><small>The opposing Glimmora restored a little HP using its Black Sludge!</small><br></div><div class="battle-history"><small>Garchomp was hurt by poison!</small><br></div><div class="spacer battle-history"><br></div><h2 class="battle-history">Turn 15</h2><div class="spacer battle-history"><br></div><div class="battle-history">bange withdrew Glimmora!<br></div><div class="battle-history">bange sent out <strong>Ribombee</strong>!<br></div><div class="spacer battle-history"><br></div><div class="battle-history">Garchomp used <strong>Earthquake</strong>!<br></div><div class="battle-history"><small>It's not very effective...</small><br></div><div class="battle-history"><small>(The opposing Ribombee lost 10% of its health!)</small><br></div><div class="spacer battle-history"><br></div><div class="battle-history">The opposing Ribombee fainted!<br></div><div class="spacer battle-history"><br></div><div class="battle-history"><small>Garchomp was hurt by poison!</small><br></div><div class="spacer battle-history"><br></div><div class="battle-history">bange sent out <strong>Thundurus-Therian</strong>!<br></div><div class="spacer battle-history"><br></div><h2 class="battle-history">Turn 16</h2><div class="spacer battle-history"><br></div><div class="battle-history">Garchomp, come back!<br></div><div class="battle-history">Go! <strong>Araquanid</strong>!<br></div><div class="battle-history"><small>Araquanid was caught in a sticky web!</small><br></div><div class="battle-history"><small>Araquanid's Speed fell!</small><br></div><div class="spacer battle-history"><br></div><div class="battle-history">The opposing Thundurus-Therian used <strong>Hidden Power</strong>!<br></div><div class="battle-history"><small>It's not very effective...</small><br></div><div class="battle-history"><small>(Araquanid lost <abbr title="−32/340">9.4%</abbr> of its health!)</small><br></div><div class="spacer battle-history"><br></div><h2 class="battle-history">Turn 17</h2><div class="spacer battle-history"><br></div><div class="battle-history">The opposing Thundurus-Therian used <strong>Nasty Plot</strong>!<br></div><div class="battle-history"><small>The opposing Thundurus-Therian's Sp. Atk rose sharply!</small><br></div><div class="spacer battle-history"><br></div><div class="battle-history">Araquanid used <strong>Sticky Web</strong>!<br></div><div class="battle-history"><small>A sticky web has been laid out on the ground around the opposing team!</small><br></div><div class="spacer battle-history"><br></div><h2 class="battle-history">Turn 18</h2><div class="spacer battle-history"><br></div><div class="battle-history">Araquanid, come back!<br></div><div class="battle-history">Go! <strong>Garchomp</strong>!<br></div><div class="battle-history"><small>Garchomp was caught in a sticky web!</small><br></div><div class="battle-history"><small>Garchomp's Speed fell!</small><br></div><div class="spacer battle-history"><br></div><div class="battle-history">The opposing Thundurus-Therian used <strong>Nasty Plot</strong>!<br></div><div class="battle-history"><small>The opposing Thundurus-Therian's Sp. Atk rose sharply!</small><br></div><div class="spacer battle-history"><br></div><div class="battle-history"><small>Garchomp was hurt by poison!</small><br></div><div class="spacer battle-history"><br></div><h2 class="battle-history">Turn 19</h2><div class="spacer battle-history"><br></div><div class="battle-history">The opposing Thundurus-Therian used <strong>Hidden Power</strong>!<br></div><div class="battle-history"><small>It's super effective!</small><br></div><div class="battle-history"><small>(Garchomp lost <abbr title="−269/357">75.4%</abbr> of its health!)</small><br></div><div class="spacer battle-history"><br></div><div class="battle-history">Garchomp fainted!<br></div><div class="chat chatmessage-syntheticaperture mine"><strong style="color:#3d72b3"><span class="username"><small class="groupsymbol">☆</small>Synthetic Aperture</span>:</strong> <em>jesus i am a fucking idiot</em></div><div class="chat message-error">Synthetic Aperture has 120 seconds left.</div><div class="chat chatmessage-syntheticaperture mine"><strong style="color:#3d72b3"><span class="username"><small class="groupsymbol">☆</small>Synthetic Aperture</span>:</strong> <em>why does my nut sized brain not work</em></div><div class="spacer battle-history"><br></div><div class="battle-history">Go! <strong>Arcanine-Hisui</strong>!<br></div><div class="battle-history"><small>Arcanine-Hisui was caught in a sticky web!</small><br></div><div class="battle-history"><small>Arcanine-Hisui's Speed fell!</small><br></div><div class="spacer battle-history"><br></div><h2 class="battle-history">Turn 20</h2><div class="spacer battle-history"><br></div><div class="battle-history">Arcanine-Hisui used <strong>Extreme Speed</strong>!<br></div><div class="battle-history"><small>A critical hit!</small><br></div><div class="battle-history"><small>(The opposing Thundurus-Therian lost 98% of its health!)</small><br></div><div class="spacer battle-history"><br></div><div class="battle-history">The opposing Thundurus-Therian used <strong>Thunderbolt</strong>!<br></div><div class="battle-history"><small>(Arcanine-Hisui lost <abbr title="−331/331">100%</abbr> of its health!)</small><br></div><div class="spacer battle-history"><br></div><div class="battle-history">Arcanine-Hisui fainted!<br></div><div class="spacer battle-history"><br></div><div class="battle-history">Go! <strong>Serperior</strong>!<br></div><div class="battle-history"><small>Serperior was caught in a sticky web!</small><br></div><div class="battle-history"><small>Serperior's Speed rose!</small><br></div><div class="spacer battle-history"><br></div><h2 class="battle-history">Turn 21</h2><div class="spacer battle-history"><br></div><div class="battle-history">bange withdrew Thundurus!<br></div><div class="battle-history">bange sent out <strong>Dragonite</strong>!<br></div><div class="spacer battle-history"><br></div><div class="battle-history">Serperior used <strong>Leaf Storm</strong>!<br></div><div class="battle-history"><small>It's not very effective...</small><br></div><div class="battle-history"><small>(The opposing Dragonite lost 9% of its health!)</small><br></div><div class="battle-history"><small>Serperior's Sp. Atk rose sharply!</small><br></div><div class="spacer battle-history"><br></div><div class="battle-history"><small>Serperior restored a little HP using its Leftovers!</small><br></div><div class="spacer battle-history"><br></div><h2 class="battle-history">Turn 22</h2><div class="spacer battle-history"><br></div><div class="battle-history">Serperior, come back!<br></div><div class="battle-history">Go! <strong>Terapagos-Terastal</strong>!<br></div><div class="spacer battle-history"><br></div><div class="battle-history">The opposing Dragonite used <strong>Dragon Tail</strong>!<br></div><div class="battle-history"><small>(Terapagos-Terastal lost <abbr title="−82/331">24.8%</abbr> of its health!)</small><br></div><div class="spacer battle-history"><br></div><div class="battle-history"><strong>Gholdengo</strong> was dragged out!<br></div><div class="battle-history"><small>Gholdengo floats in the air with its Air Balloon!</small><br></div><div class="spacer battle-history"><br></div><h2 class="battle-history">Turn 23</h2><div class="spacer battle-history"><br></div><div class="battle-history">Gholdengo used <strong>Shadow Ball</strong>!<br></div><div class="battle-history"><small>(The opposing Dragonite lost 39% of its health!)</small><br></div><div class="spacer battle-history"><br></div><div class="battle-history">The opposing Dragonite is paralyzed! It can't move!<br></div><div class="spacer battle-history"><br></div><h2 class="battle-history">Turn 24</h2><div class="spacer battle-history"><br></div><div class="battle-history">Gholdengo used <strong>Make It Rain</strong>!<br></div><div class="battle-history"><small>(The opposing Dragonite lost 48% of its health!)</small><br></div><div class="battle-history"><small>Gholdengo's Sp. Atk fell!</small><br></div><div class="spacer battle-history"><br></div><div class="battle-history">The opposing Dragonite fainted!<br></div><div class="spacer battle-history"><br></div><div class="battle-history">bange sent out <strong>Ting-Lu</strong>!<br></div><div class="battle-history"><small>The opposing Ting-Lu was caught in a sticky web!</small><br></div><div class="battle-history"><small>The opposing Ting-Lu's Speed fell!</small><br></div><div class="battle-history">[The opposing Ting-Lu's Vessel of Ruin]<br><small>The opposing Ting-Lu's Vessel of Ruin weakened the Sp. Atk of all surrounding Pokémon!</small><br></div><div class="spacer battle-history"><br></div><h2 class="battle-history">Turn 25</h2><div class="spacer battle-history"><br></div><div class="battle-history">bange withdrew Ting-Lu!<br></div><div class="battle-history">bange sent out <strong>Thundurus-Therian</strong>!<br></div><div class="spacer battle-history"><br></div><div class="battle-history">Gholdengo used <strong>Nasty Plot</strong>!<br></div><div class="battle-history"><small>Gholdengo's Sp. Atk rose sharply!</small><br></div><div class="spacer battle-history"><br></div><h2 class="battle-history">Turn 26</h2><div class="spacer battle-history"><br></div><div class="battle-history">The opposing Thundurus-Therian used <strong>Thunderbolt</strong>!<br></div><div class="battle-history"><small>(Gholdengo lost <abbr title="−189/315">60%</abbr> of its health!)</small><br></div><div class="battle-history"><small>Gholdengo's Air Balloon popped!</small><br></div><div class="spacer battle-history"><br></div><div class="battle-history">Gholdengo used <strong>Shadow Ball</strong>!<br></div><div class="battle-history"><small>(The opposing Thundurus-Therian lost 2% of its health!)</small><br></div><div class="spacer battle-history"><br></div><div class="battle-history">The opposing Thundurus-Therian fainted!<br></div><div class="spacer battle-history"><br></div><div class="battle-history">bange sent out <strong>Ting-Lu</strong>!<br></div><div class="battle-history"><small>The opposing Ting-Lu was caught in a sticky web!</small><br></div><div class="battle-history"><small>The opposing Ting-Lu's Speed fell!</small><br></div><div class="battle-history">[The opposing Ting-Lu's Vessel of Ruin]<br><small>The opposing Ting-Lu's Vessel of Ruin weakened the Sp. Atk of all surrounding Pokémon!</small><br></div><div class="spacer battle-history"><br></div><h2 class="battle-history">Turn 27</h2><div class="spacer battle-history"><br></div><div class="battle-history">Gholdengo used <strong>Focus Blast</strong>!<br></div><div class="battle-history"><small>It's super effective!</small><br></div><div class="battle-history"><small>(The opposing Ting-Lu lost 44% of its health!)</small><br></div><div class="spacer battle-history"><br></div><div class="battle-history">The opposing Ting-Lu fainted!<br></div><div class="spacer battle-history"><br></div><div class="battle-history">bange sent out <strong>Glimmora</strong>!<br></div><div class="battle-history"><small>The opposing Glimmora was caught in a sticky web!</small><br></div><div class="battle-history"><small>The opposing Glimmora's Speed fell!</small><br></div><div class="spacer battle-history"><br></div><h2 class="battle-history">Turn 28</h2><div class="chat chatmessage-syntheticaperture mine"><strong style="color:#3d72b3"><span class="username"><small class="groupsymbol">☆</small>Synthetic Aperture</span>:</strong> <em>i'm sorry, this is my second robbery of the day</em></div><div class="spacer battle-history"><br></div><div class="battle-history">Gholdengo used <strong>Make It Rain</strong>!<br></div><div class="battle-history"><small>It's super effective!</small><br></div><div class="battle-history"><small>(The opposing Glimmora lost 99% of its health!)</small><br></div><div class="battle-history"><small>Gholdengo's Sp. Atk fell!</small><br></div><div class="spacer battle-history"><br></div><div class="battle-history">The opposing Glimmora fainted!<br></div><div class="spacer battle-history"><br></div><div class="battle-history">bange sent out <strong>Gholdengo</strong>!<br></div><div class="battle-history"><small>The opposing Gholdengo was caught in a sticky web!</small><br></div><div class="battle-history"><small>The opposing Gholdengo's Speed fell!</small><br></div><div class="spacer battle-history"><br></div><h2 class="battle-history">Turn 29</h2><div class="spacer battle-history"><br></div><div class="battle-history">Gholdengo used <strong>Shadow Ball</strong>!<br></div><div class="battle-history"><small>It's super effective!</small><br></div><div class="battle-history"><small>(The opposing Gholdengo lost 47% of its health!)</small><br></div><div class="spacer battle-history"><br></div><div class="battle-history">The opposing Gholdengo fainted!<br></div><div class="spacer battle-history"><br></div><div class="battle-history"><strong>Synthetic Aperture</strong> won the battle!<br></div><div class="chat">bange's rating: 1668 → <strong>1653</strong><br>(-15 for losing)</div><div class="chat">Synthetic Aperture's rating: 1755 → <strong>1770</strong><br>(+15 for winning)</div><div class="chat"><small>☆bange left</small></div></div><div class="inner-preempt message-log"></div></div></div>
</div>
<script>
let daily = Math.floor(Date.now()/1000/60/60/24);document.write('<script src="https://play.pokemonshowdown.com/js/replay-embed.js?version'+daily+'"></'+'script>');
</script>
